1930 3828
147 227 271 289 878
898 223 1139 248 ”“““““’“”
1198 243 1202 246 ’

141 382 524 465 Dioecesis'.,
578 388 685 455 vel
717 383 996 450 fractam
1030 360 1372 457 Ordinarii
1413 398 1739 464 aetatem,
1783 404 1894 458 aut

141 512 593 578 valetudinem
657 510 1186 585 constituantur,
1261 532 1445 575 cum
1489 511 1689 627 misto
1734 513 1895 599 Epi·-
1924 527 1926 530 ’

140 635 329 723 scopi
371 639 437 701 in
471 629 826 728 partibus,
868 634 986 699 illo
1033 632 1354 733 duntaxat
1380 635 1552 713 fine,
1600 649 1671 701 ut
1706 659 1894 706 eum-

141 758 294 823 dem
357 760 705 847 suppleant
780 760 851 823 in
925 760 1045 836 iis,
1114 766 1283 845 qvae
1348 758 1434 826 ad
1496 761 1891 833 exercitium

139 881 413 949 Ordinis
461 899 811 972 spectant,
861 883 1109 969 absqve
1151 882 1285 950 ullo
1332 908 1458 972 pro
1505 883 1655 954 foro
1702 898 1890 950 exte..

136 1007 297 1073 riori
365 1006 845 1076 iurisdictione.
942 1008 1025 1080 Hi
1090 1007 1412 1081 duntaxat
1474 1031 1514 1078 a
1554 1009 1892 1081 Pontifice

140 1131 281 1201 dari
325 1146 621 1221 possunt.
669 1134 754 1216 v)

781 1322 849 1415 §
912 1326 1223 1392 ccxxr

375 1448 594 1549 Eppt
642 1449 724 1526 Τ
712 1448 886 1528 ttul
946 1450 1036 1530 in
1089 1451 1312 1535 Eccl.
1367 1410 1725 1549 Hung.·

209 1706 212 1710 Α
308 1630 383 1695 In
442 1653 637 1701 sensu
684 1629 1128 1701 Tridentinae
1178 1602 1482 1724 synodi,
1528 1628 1884 1700 Titulares

134 1754 450 1843 Episcopi
496 1770 643 1821 sunt
670 1802 691 1832 ‚
740 1758 855 1843 qvi
902 1758 1160 1854 amissis
1211 1757 1573 1836 Ecclesiis‚
1615 1756 1691 1824 'in
1737 1778 1888 1846 par-

132 1879 301 1946 tibus
360 1877 733 1950 infidelium
799 1882 963 1949 olim
1011 1860 1501 1959 existentibus}
1556 1881 1885 1949 incertam

127 2003 371 2075 habent
430 2003 657 2072 sedem
685 2051 708 2083 ‚
771 2028 847 2071 ac
895 2007 1039 2075 sine
1084 2008 1345 2098 proprii
1393 2004 1739 2099 Ordinarii
1787 2004 1884 2077 fa-

130 2129 411 2209 cultate,
460 2121 862 2217 qvemqvam
914 2132 1224 2202 ordinare
1270 2126 1727 2224 prohibentur.
1777 2131 1884 2214 w)

133 2237 331 2341 Apud
391 2276 511 2320 nos
579 2279 735 2321 vero
800 2254 1115 2324 titulares
1163 2244 1480 2348 Episcopi
1528 2253 1883 2337 dicuntur,
1927 2306 1930 2313 -

128 2399 406 2462 qvorum
454 2380 787 2448 Ecclesiae
853 2370 974 2450 sub
1022 2383 1291 2448 Corona
1335 2380 1715 2468 Hungariae
1761 2380 1883 2447 du-

131 2500 287 2567 dum
336 2505 731 2585 existenteS,
796 2508 867 2574 in
913 2530 1145 2573 manus
1187 2497 1479 2583 deinde,
1539 2505 1654 2573 vel
1703 2505 1883 2575 Tur·
1928 2511 1930 2513 ’

129 2648 394 2706 carum,
444 2631 546 2694 vel
596 2631 1004 2699 Venetorum
1055 2620 1476 2699 transierunt.
1569 2630 1879 2743 Qvarum

127 2741 559 2820 nihilominus
622 2761 892 2836 titulos,
965 2757 1085 2824 sub
1149 2779 1266 2847 spe
1329 2755 1475 2823 illas
1538 2771 1879 2846 tamqvam

125 2877 371 2945 iniuria
418 2881 539 2948 sibi
589 2896 895 2971 ereptas,
944 2879 1461 2959 revindicandi,
1516 2880 1741 2973 Reges
1787 2883 1879 2950 A-

125 3005 484 3094 postolich
558 3004 922 3082 hodiedum
974 3005 1304 3074 ¹conferre
1364 3008 1628 3092 solent,
1693 3010 1876 3077 nulla

122 3150 392 3219 prorsus
453 3130 540 3196 ad
603 3130 674 3196 id
723 3133 1069 3200 Pontificis
1132 3134 1570 3203 consensione
1616 3133 1872 3224 petita:

1548 3303 1552 3316 ι
1633 3280 1789 3326 Cum

194 3412 266 3481 V)
320 3415 467 3489 Cap·
520 3428 575 3485 5.
626 3416 695 3472 de
751 3419 910 3481 elect.
951 3415 1011 3477 in
1051 3421 1230 3485 Clem.
1306 3422 1403 3490 w)
1441 3417 1701 3485 Trident.
1738 3376 1872 3478 1sess.

266 3523 433 3586 XIV.
473 3525 540 3586 de
580 3526 803 3584 reform.
844 3546 963 3602 cap.
1002 3543 1050 3587 2
