1942 3892
38 439 95 506 si
165 431 581 524 obseqvendi
644 433 1110 502 necessitatem
1155 457 1357 500 nemo
1407 433 1534 500 sibi
1579 433 1810 523 impe--

26 561 231 645 sitam
263 559 575 658 haberet.
663 562 996 650 Deposcit
1041 583 1307 647 qvoqve
1339 557 1802 628 huiuscemodi

30 689 432 803 obseqvium
470 701 732 756 natura
749 686 1124 766 societatis3
1177 686 1283 750 cui
1328 684 1486 750 dum
1516 707 1586 750 se
1622 686 1801 773 qvis

32 795 250 904 piam
271 812 586 891 addixit,
649 812 987 901 particeps
1028 810 1191 876 fieri
1240 812 1510 900 cupiens
1553 811 1802 878 benefi-

31 940 335 1017 ciorum,
386 939 525 1006 eius
570 950 840 1026 qv'oqve
890 952 1103 1004 semet
1149 936 1458 1005 oneribus
1495 937 1800 1005 subiecit.

29 1062 294 1134 Idcirco
338 1063 904 1135 Christifidelibus
953 1089 988 1129 e
1050 1061 1388 1129 Iudaismo
1436 1052 1804 1147 conversis,

30 1204 102 1256 et
146 1162 579 1284 susceptione·
610 1192 795 1259 Sacri
836 1191 1257 1281 baptismatis
1281 1187 1614 1255 Ecclesiae
1657 1214 1828 1282 gre-¹

30 1317 247 1386 mium
314 1317 630 1407 ingressis
665 1365 688 1397 ‚
792 1318 1015 1385 aiebat
1081 1315 1322 1382 Paulus
1395 1316 1758 1406 Apostolus
1783 1340 1805 1382 t

33 1439 324 1513 Obedite
371 1443 803 1540 Praepositis
847 1445 1092 1512 vestris
1115 1495 1135 1528 ,
1182 1459 1248 1510 et
1298 1436 1634 1509 subiacete
1670 1447 1805 1510 eis:

34 1564 186 1664 Ipsi
223 1573 398 1637 enim
436 1567 893 1662 pervigilant,
955 1571 1148 1663 qvasi
1191 1571 1519 1638 rationem
1554 1593 1688 1662 pro
1733 1543 1807 1636 ὰ-

0 1692 346 1767 „nimabu‘s
388 1699 634 1766 vestris
680 1689 1030 1769 reddituri.
1080 1697 1163 1778 u)

897 1887 1088 1962 XIV.

261 2014 466 2099 Post
518 1886 823 2127 suffic§.
829 1999 1591 2121 promulgationem.

200 2201 527 2269 Attamen
561 2202 950 2272 obedientia
986 2198 1424 2298 impossibilis
1463 2206 1630 2286 erit,
1674 2203 1806 2270 nisi

32 2328 187 2409 lex,
239 2330 345 2395 cui
387 2329 897 2417 obseqvendum
934 2345 1074 2409 est,
1122 2306 1610 2422 promulgetur.
1694 2328 1804 2396 Id·

31 2446 212 2522 ci'rco
242 2453 543 2521 Christus
589 2454 973 2522 doctrinam
1019 2456 1101 2522 ab
1157 2480 1226 2522 se
1254 2457 1610 2535 traditam,
1659 2472 1805 2522 toto

36 2584 360 2654 terrarum
421 2581 585 2648 orbe
653 2583 868 2649 voluit
927 2606 1050 2674 per
1092 2582 1459 2673 Apostolos
1506 2584 1806 2673 promul·

16 2706 219 2795 ,gari3
290 2706 373 2788 v)
435 2723 502 2775 et
564 2706 805 2777 Paulus
863 2712 1167 2801 gentium
1214 2711 1619 2802 Apostolus,
1689 2712 1808 2798 qvi

0 2829 351 2927 ..docuerat
379 2878 401 2913 ‚
467 2834 612 2901 sine
654 2833 791 2902 fide
837 2836 1253 2926 impossibile
1301 2859 1481 2916 esse,
1539 2841 1805 2927 placere

31 2954 219 3026 Deo:
286 2956 393 3041 w)
439 2957 514 3024 id
559 2961 764 3027 etiam
808 2959 1071 3027 docuit:
1142 2960 1343 3031 Fides
1386 2989 1477 3031 ex
1526 2959 1802 3046 auditu,
1855 2966 1859 2976 '

30 3078 310 3155 auditus
355 3088 578 3154 autem
609 3112 735 3183 per
776 3084 1046 3157 verbum
1090 3082 1368 3159 Christi.
1411 3095 1496 3173 x)
1544 3087 1800 3178 Quam·
1843 3111 1845 3116 ·
1886 3152 1904 3177 ⁸

1595 3215 1714 3282 ob-

104 3403 175 3478 u)
212 3408 305 3467 Ad
340 3408 528 3469 Hebr.
566 3409 731 3469 XIII.
775 3421 864 3481 17.
937 3410 1011 3479 v)
1042 3409 1252 3471 Matth.
1285 3409 1570 3471 XXVIII.
1609 3410 1802 3483 Marci

0 3565 40 3583 -
86 3540 106 3576 ,·
177 3515 347 3578 XVI.
401 3523 532 3582 Act.
589 3519 638 3580 1.
740 3521 837 3589 w)
890 3521 982 3579 Ad
1031 3521 1216 3583 Hebr.
1266 3521 1375 3586 XI.
1426 3525 1481 3583 6.
1572 3523 1650 3593 x)
1703 3525 1797 3584 Ad

30 3715 35 3725 ἢ
92 3676 95 3678 .
174 3625 348 3690 Rom.
385 3629 463 3689 X.
506 3642 595 3702 17.
