1930 3828
149 223 236 295 92
519 281 521 283 ,
894 213 1140 257 -··=··-—-··'

785 378 855 470 §.
922 374 1230 444 XLVIII.

420 512 423 519 ·
438 490 520 570 Ε
519 504 559 564 t
582 522 596 535 x
611 486 1063 590 quandoque.
1103 479 1608 581 necessaria.

329 630 708 722 Necessitas
752 652 912 697 vero
948 628 1405 695 conciliorum
1453 628 1720 694 tametsi
1759 646 1896 691 non

42 755 46 759 ’
146 762 228 845 sit
271 779 539 846 pror-sus
584 756 881 824 absoluta
909 803 932 836 ,
1007 778 1159 823 cum
1202 753 1432 832 Deus,
1509 749 1623 838 qvi
1653 727 1896 840 ‘portas

146 882 343 950 inferi
385 881 719 951 Ecclesiae
779 904 932 949 suae
999 904 1135 948 non
1189 877 1666 971 praevalituras
1737 897 1896 966 pro-

143 980 365 1087 rnisit,
412 1008 540 1092 nn)
585 1009 788 1077 etiam
830 1011 971 1074 sine.
1013 1006 1140 1073 hoc
1183 1004 1591 1073 adminiculo
1617 1049 1640 1082 ,
1705 1001 1896 1068 Illam

146 1134 356 1223 possit
401 1147 683 1213 sartam,
747 1147 1125 1217 tectamqve
1171 1152 1473 1196 servare:
1534 1125 1895 1216 multiplex

145 1272 367 1325 tamen
414 1277 631 1326 rerum
658 1305 679 1338 ,
726 1274 1240 1348 temporumqve
1285 1250 1719 1328 vicissitude,
1782 1273 1898 1317 eo·

142 1405 290 1449 rum
362 1367 873 1451 celebrationem
943 1381 1187 1471 exegit.
1305 1378 1387 1447 Id
1457 1375 1643 1467 qvod
1711 1374 1893 1442 facto

144 1528 262 1572 suo
307 1507 613 1597 Apostoli
660 1508 1200 1598 comprobarunt.
1255 1503 1367 1598 (§.
1418 1503 1701 1589 LXV.)
1753 1502 1894 1570 Ho-

143 1632 356 1699 mines
399 1620 849 1711 Christianos,
910 1634 1325 1724 experientia
1368 1630 1687 1699 hactenus
1733 1625 1896 1697 edo·

142 1758 319 1836 cuit,
369 1780 486 1828 sex
508 1759 849 1826 numerari
882 1782 1079 1850 posse
1120 1781 1385 1840 causas,
1431 1778 1711 1846 qvamm
1741 1774 1893 1846 gra·

142 1887 235 1949 tia
310 1882 567 1974 Synodi
628 1887 987 1951 convocari
1057 1885 1324 1955 debent.
1443 1883 1670 1952 Prima
1741 1896 1839 1977 est
1865 1927 1891 1962 ,

139 2006 443 2077 Haeresis
485 1996 697 2089 nona,
749 2012 996 2079 scilicet
1041 2011 1319 2079 antehac
1361 2031 1726 2098 numqvam
1773 2006 1891 2075 da·

140 2136 740 2219 mnata-,qvalium
784 2157 1020 2213 causa,
1068 2138 1286 2227 prima
1332 2151 1589 2228 septem
1633 2135 1890 2203 Conci·

139 2255 229 2327 lia
271 2270 417 2323 sunt
461 2259 830 2341 celebrata;
881 2275 944 2327 et
992 2259 1475 2330 Tridentinum
1521 2262 1890 2344 celebrari,

139 2378 247 2445 vel
272 2382 494 2469 potius
530 2388 900 2453 continuari
930 2388 1241 2477 petebant
1274 2410 1378 2454 an.
1416 2388 1887 2457 MDXLVIII.

137 2501 434 2582 Ordines
468 2506 686 2597 Regni
719 2512 935 2600 Hung.
984 2513 1409 2599 seqventibus
1448 2515 1706 2582 verbis:
1762 2510 1889 2584 Su·

131 2621 386 2715 plicant
428 2629 724 2703 Ordines
777 2654 841 2706 et
887 2634 1130 2705 Status
1179 2637 1438 2730 Regiae
1483 2639 1887 2728 Maiestati,

138 2744 400 2819 domino
474 2782 695 2827 eorum
766 2759 1307 2843 clementissimo,
1381 2785 1454 2834 ut
1522 2784 1665 2835 tam
1720 2790 1886 2847 sua,
1923 2803 1930 2854 ἦ

135 2898 330 2968 qvam
394 2904 632 2951 sacrae
694 2884 1091 2957 Maiestatis
1158 2891 1534 2958 Caesareae
1591 2885 1887 2962 authori·

135 3008 322 3078 tate,
365 3024 533 3094 agat
581 3007 766 3102 apud
811 3009 939 3081 SS.
972 3013 1334 3086 Dominum
1376 3035 1712 3094 nostrum,
1759 3023 1908 3113 qvo'

131 3120 488 3197 Sanctitas
537 3157 662 3198 sua
714 3135 1035 3206 Generale
1085 3139 1492 3221 Concilium,
1537 3169 1670 3236 pro
1714 3169 1886 3213 com·

125 3245 496 3344 planandis
541 3256 840 3330 omnibus
888 3260 1313 3373 differentiis,
1372 3273 1700 3368 variisque
1744 3274 1885 3365 opi-

237 3373 241 3379 *
549 3388 555 3393 ¹
1656 3399 1799 3464 nio·

199 3519 311 3590 nn)
348 3523 556 3585 Matth.
597 3526 716 3583 XV
718 3529 764 3587 1.
811 3538 895 3592 18.
