1930 3828
777 219 1025 242 “““““““““
1634 224 1762 281 437

8 376 514 459 tractabuntur,
558 400 710 443 cum
758 377 842 449 de
879 381 1340 448 communibus
1373 379 1552 450 Cleri
1594 385 1764 453 obli·-

11 500 391 610 gationibus
432 525 651 593 agam.
743 510 833 570 At
882 529 1040 572 vero
1086 506 1264 572 istud
1294 507 1620 584 fraternae
1657 533 1760 576 ca-

11 619 229 728 ritatis
274 624 574 694 officium
601 676 624 709 ‚
682 629 999 723 Parochis
1045 631 1473 720 impositum,
1538 635 1765 702 omitti

9 748 124 821 hic
173 745 456 822 minime
506 750 743 834 debet3
794 768 868 823 ut
914 756 1177 821 illorum
1224 756 1592 835 videlicet,
1646 758 1759 843 qvi

12 862 172 968 post
210 872 558 944 defensam
604 879 806 950 armis
844 878 1271 969 Religionem
1318 893 1429 947 aut
1472 879 1761 945 Patriam

15 997 246 1093 fi'actis
315 1002 451 1068 iam
487 1003 790 1079 viribu5‚
858 1004 1189 1068 amissove
1233 1004 1578 1082 memhm,
1651 966 1762 1070 an-

15 1148 230 1199 nuum
273 1128 357 1199 ab
397 1125 587 1215 Rege
631 1149 913 1214 pensum
945 1142 1373 1213 meruerunt,
1422 1142 1486 1193 et
1518 1126 1767 1197 Paten-

2 1248 196 1328 ¹tale-s·
229 1246 522 1321 Invalidi
568 1253 1097 1341 compellantur,
1143 1267 1406 1342 promte
1439 1254 1768 1326 lubenter-

19 1400 153 1466 qve
213 1377 478 1468 signent
523 1375 1002 1468 Chyrographa
1030 1425 1053 1458 ‚
1115 1399 1284 1464 qvae
1329 1377 1520 1443 nobis
1567 1378 1769 1465 Qvie-

19 1491 283 1575 tantiae
343 1502 667 1580 audiunt,
750 1506 1006 1588 signato
1059 1475 1494 1568 'habitationis
1566 1503 1765 1584 10003

21 1629 210 1720 qvod
242 1631 629 1717 ceteroqvin
655 1630 946 1700 Decreto
976 1628 1236 1694 Excelsi
1273 1628 1556 1693 Consilii
1595 1626 1770 1693 Hun-

21 1757 278 1850 garici‚
325 1755 438 1824 die
484 1771 546 1825 ὅ.
600 1757 1004 1851 Septembris
1057 1767 1245 1843 1799.
1297 1753 1490 1836 dato,
1550 1749 1769 1839 facere
1837 1734 1841 1740 Ι

21 1875 356 1955 iubentur.'
496 1886 499 1889 ’

694 2072 759 2168 §.
817 2017 1127 2141 chlxss

422 2198 639 2280 ¹Iura
693 2196 1033 2285 Parock.
1093 2195 1355 2276 utilia.

0 2373 12 2384 ’Δ
114 2428 117 2429 ⁷
203 2387 378 2454 Cum
419 2407 624 2474 porro
673 2382 908 2472 dignus
953 2382 1038 2447 sit
1082 2377 1415 2467 operarius
1462 2367 1773 2438 mercede

24 2519 188 2596 §1133
259 2528 326 2580 et
370 2533 564 2589 eum,
613 2513 726 2596 qvi
772 2508 957 2573 altari
1003 2503 1249 2581 servit,
1311 2500 1396 2566 de
1443 2500 1627 2563 altari
1676 2491 1776 2555 vi-

30 2665 191 2708 vere
251 2651 596 2729 oporteat:
666 2629 942 2702 Parochi
999 2650 1150 2693 cum
1198 2603 1547 2696 oneribus,
1623 2615 1777 2682 iuri·

31 2767 287 2854 busqve
316 2762 651 2839 onerosi5‚
702 2759 902 2825 etiam
952 2753 1137 2818 utilia
1186 2734 1453 2816 habent.
1549 2740 1776 2806 Enim--

7 2915 196 2980 vero
286 2893 429 2960 iure
514 2885 807 2980 gaudent
867 2876 1183 2967 exigendi
1248 2898 1286 2939 a
1352 2856 1778 2966 Parochianis

33 3017 359 3108 qvasdam
419 3015 893 3108 praestationes
959 3004 1029 3067 in
1099 3000 1360 3094 operis,
1431 2991 1779 3079 frugibus,

12 3167 116 3211 ‘ac
178 3165 379 3218 aere,
450 3135 815 3207 secundum
886 3125 1242 3195 cuiuslibet
1314 3123 1448 3189 loci
1520 3127 1777 3183 contra-

0 3326 6 3344 ,
39 3247 221 3335 ctum
247 3314 269 3347 ‚
310 3267 422 3332 vel
472 3263 879 3332 oblationem
910 3249 1205 3320 Patroni.
1299 3240 1507 3333 Qvod
1530 3250 1784 3326 postea

38 3391 366 3484 redigitur
410 3391 480 3456 in
528 3386 866 3475 Scriptum
894 3426 916 3463 ‚
983 3374 1410 3443 confirmatur
1453 3358 1787 3431 Praesulis

1493 3487 1701 3555 Dioe·
