1930 3828
143 226 269 284 174
885 216 1128 241 “““·““““’“““

142 392 406 466 titulos,
473 404 704 448 verum
762 378 933 446 libro
999 392 1234 464 qvarto
1292 378 1567 467 penitus,
1619 390 1890 454 carent,

143 514 256 601 qvi
322 511 405 576 de
457 505 866 596 sponsalibus
913 518 979 569 et
1022 502 1456 569 matrimonio
1495 485 1892 590 ‘lbqvuturus

143 652 300 708 erat.
408 633 860 722 Allegantur,⁴
910 629 1005 696 uti
1063 627 1467 718 praecedens
1521 629 1890 709 'collectim

141 787 291 831 cum
341 760 456 827 tali
503 758 904 824 mutatione:
956 755 1123 844 Cap.
1167 771 1280 819 un.
1321 752 1407 820 de
1438 769 1893 821 consvetsex-

137 905 306 955 trav.
354 905 604 951 comm.
656 881 906 949 Neutra
967 881 1279 947 collectio
1325 880 1596 971 publica
1642 882 1895 948 autori·-

141 1028 319 1090 tate‚
386 1013 496 1077 vel
558 999 924 1099 adprobata
986 1006 1158 1086 fuit,
1237 1019 1347 1071 aut
1408 1007 1741 1097 evulgata.
1808 1007 1894 1091 v)

145 1140 402 1206 Sensim
460 1146 685 1200 tamen
758 1147 1071 1220 utraqve‚
1149 1130 1408 1197 incerto
1470 1133 1629 1200 licet
1698 1133 1896 1200 nobis

141 1278 480 1352 tempore,
527 1280 765 1346 corpus
810 1257 973 1323 Iuris
1020 1254 1460 1322 Ecclesiastici
1501 1258 1732 1338 auxit,
1785 1259 1895 1344 w)

142 1386 520 1479 passimqve
562 1386 882 1472 allegatur
941 1405 978 1448 a
1025 1382 1473 1462 Ductoribus,
1538 1396 1604 1449 et
1662 1382 1736 1449 in
1798 1382 1898 1448 iu·

146 1513 341 1580 diciis
382 1508 738 1597 profertur.
834 1507 1025 1598 Qvid
1088 1502 1341 1598 igitur?
1418 1506 1668 1579 Volent
1737 1510 1900 1587 alii,

141 1637 479 1735 publicam
533 1637 954 1701 autoritatem
1020 1657 1137 1701 usu
1203 1647 1698 1721 conseqvntas3
1778 1633 1901 1703 alii

145 1764 401 1831 dicent:
450 1759 751 1827 Tantum
795 1758 1168 1849 ponderare
1197 1762 1524 1849 singulas,
1573 1772 1897 1846 qvantum

143 1889 369 1957 valent
394 1886 609 1954 fontes
633 1931 654 1967 ‚
710 1911 747 1954 e
772 1886 1007 1974 qvibus
1038 1885 1191 1952 illae
1229 1885 1571 1969 desumtae
1605 1882 1896 1952 fuerunt.

925 2128 942 2143 .
994 2079 1171 2146 CIV.

572 2075 966 2302 Septimis
1028 2201 1444 2285 Decretal.

319 2384 427 2455 Ne
476 2383 638 2472 qvid
673 2383 1087 2453 dissimulem
1114 2434 1131 2465 ‚
1180 2388 1365 2474 qvod
1389 2383 1719 2456 hodierno
1751 2405 1895 2453 eor-

148 2512 299 2604 pori
340 2511 507 2578 Iuris
553 2509 875 2606 Canonici
928 2515 1245 2578 insertum
1281 2514 1477 2604 lege,
1517 2531 1899 2582 memoran-

151 2634 235 2704 da
283 2651 381 2703 est
431 2633 779 2711 collectim
828 2658 1027 2723 qvam
1073 2636 1307 2705 Petrus
1349 2638 1683 2707 Matthaei*
1719 2635 1910 2704 ‘Iure-

149 2766 484 2832 consultus
528 2760 989 2851 Lugdunensis
1043 2762 1130 2829 ad
1178 2756 1673 2839 finemsaeculi
1722 2759 1904 2828 deci»

1713 2887 1813 2955 mi

162 3066 166 3074 ι
226 3097 293 3166 v)
332 3087 484 3170 Lege
511 3091 691 3172 Espen
730 3099 944 3162 dissert.
978 3092 1036 3163 in
1073 3093 1170 3163 has
1209 3113 1426 3162 extrav.
1464 3120 1595 3176 opp.
1625 3095 1700 3163 T.
1729 3095 1900 3163 VIII.

296 3208 394 3277 w)
418 3206 419 3215 ’
447 3209 850 3269 Collectionem
903 3227 1117 3271 extrav.
1170 3231 1371 3272 comm.
1411 3232 1536 3272 ame
1573 3216 1743 3275 finem
1781 3233 1902 3274 sae-

295 3315 408 3377 culi
447 3315 648 3378 decimi
678 3320 861 3394 qvinti
888 3341 999 3380 non
1030 3321 1348 3395 exstitisse,
1389 3321 1445 3383 id
1474 3325 1707 3400 probat,
1749 3320 1904 3400 qvod

297 3426 358 3486 in
407 3425 508 3488 illa
557 3404 802 3489 occurrat
852 3432 938 3493 tit.
991 3435 1052 3489 de
1092 3435 1272 3511 reliqu.
1318 3448 1371 3491 et
1410 3419 1904 3495 verterat.⁸Sauctor.

299 3554 422 3609 cap.
459 3553 515 3601 ε’..
546 3535 870 3600 constitutio
903 3539 1055 3630 Sixti·
1083 3545 1191 3603 IV.
1232 3562 1377 3604 anno
1419 3554 1576 3616 1483.
1612 3542 1779 3617 edita.
