<?xml version="1.0" encoding="UTF-8"?>
<!DOCTYPE html PUBLIC "-//W3C//DTD XHTML 1.0 Transitional//EN"
    "http://www.w3.org/TR/xhtml1/DTD/xhtml1-transitional.dtd">
<html xmlns="http://www.w3.org/1999/xhtml" xml:lang="en" lang="en">
 <head>
  <title>
</title>
<meta http-equiv="Content-Type" content="text/html;charset=utf-8" />
  <meta name='ocr-system' content='tesseract 3.04.00' />
  <meta name='ocr-capabilities' content='ocr_page ocr_carea ocr_par ocr_line ocrx_word'/>
</head>
<body>
  <div class='ocr_page' id='page_1' title='image "./iuspublicumcommu00szvo_0098.png"; bbox 0 0 1942 3892; ppageno 0'>
   <div class='ocr_carea' id='block_1_1' title="bbox 891 298 1138 312">
    <p class='ocr_par' dir='ltr' id='par_1_1' title="bbox 891 298 1138 312">
     <span class='ocr_line' id='line_1_1' title="bbox 891 298 1138 312; baseline 0 3580"><span class='ocrx_word' id='word_1_1' title='bbox 891 298 1138 312; x_wconf 95' lang='lat' dir='ltr'> </span> 
     </span>
    </p>
   </div>
   <div class='ocr_carea' id='block_1_2' title="bbox 56 260 1929 2773">
    <p class='ocr_par' dir='ltr' id='par_1_2' title="bbox 56 260 1135 359">
     <span class='ocr_line' id='line_1_2' title="bbox 56 260 1135 359; baseline 0.005 -5"><span class='ocrx_word' id='word_1_2' title='bbox 56 352 58 354; x_wconf 82' lang='grc'><strong>,</strong></span> <span class='ocrx_word' id='word_1_3' title='bbox 151 260 238 337; x_wconf 79' lang='grc'>76</span> <span class='ocrx_word' id='word_1_4' title='bbox 893 272 1135 359; x_wconf 85' lang='grc'><strong>“““““““,““</strong></span> 
     </span>
    </p>

    <p class='ocr_par' dir='ltr' id='par_1_3' title="bbox 147 429 1929 2773">
     <span class='ocr_line' id='line_1_3' title="bbox 150 429 1903 531; baseline -0.005 -23"><span class='ocrx_word' id='word_1_5' title='bbox 150 440 479 529; x_wconf 89' lang='lat' dir='ltr'>contigit,</span> <span class='ocrx_word' id='word_1_6' title='bbox 524 434 856 531; x_wconf 84' lang='lat' dir='ltr'>Religiosi</span> <span class='ocrx_word' id='word_1_7' title='bbox 896 434 1026 502; x_wconf 90' lang='lat' dir='ltr'>viri</span> <span class='ocrx_word' id='word_1_8' title='bbox 1065 446 1249 501; x_wconf 86' lang='lat' dir='ltr'>metu</span> <span class='ocrx_word' id='word_1_9' title='bbox 1295 430 1602 498; x_wconf 84' lang='lat' dir='ltr'>irruentis</span> <span class='ocrx_word' id='word_1_10' title='bbox 1636 429 1903 499; x_wconf 82' lang='lat' dir='ltr'>Turcae</span> 
     </span>
     <span class='ocr_line' id='line_1_4' title="bbox 153 555 1903 654; baseline -0.005 -21"><span class='ocrx_word' id='word_1_11' title='bbox 153 564 397 654; x_wconf 86' lang='lat' dir='ltr'>dilapsi</span> <span class='ocrx_word' id='word_1_12' title='bbox 441 574 632 641; x_wconf 83' lang='lat' dir='ltr'>sunt3</span> <span class='ocrx_word' id='word_1_13' title='bbox 697 559 1106 626; x_wconf 85' lang='lat' dir='ltr'>monasteria</span> <span class='ocrx_word' id='word_1_14' title='bbox 1163 580 1319 624; x_wconf 89' lang='lat' dir='ltr'>cum</span> <span class='ocrx_word' id='word_1_15' title='bbox 1362 556 1572 625; x_wconf 86' lang='lat' dir='ltr'>Bonis</span> <span class='ocrx_word' id='word_1_16' title='bbox 1631 555 1722 623; x_wconf 91' lang='lat' dir='ltr'>ad</span> <span class='ocrx_word' id='word_1_17' title='bbox 1785 557 1903 627; x_wconf 89' lang='lat' dir='ltr'>illa</span> 
     </span>
     <span class='ocr_line' id='line_1_5' title="bbox 147 679 1901 781; baseline -0.005 -25"><span class='ocrx_word' id='word_1_18' title='bbox 147 686 642 781; x_wconf 68' lang='lat' dir='ltr'>spectantibuS,</span> <span class='ocrx_word' id='word_1_19' title='bbox 705 684 880 753; x_wconf 87' lang='lat' dir='ltr'>inter</span> <span class='ocrx_word' id='word_1_20' title='bbox 942 683 1220 750; x_wconf 87' lang='lat' dir='ltr'>dissidia</span> <span class='ocrx_word' id='word_1_21' title='bbox 1267 682 1552 751; x_wconf 88' lang='lat' dir='ltr'>duorum</span> <span class='ocrx_word' id='word_1_22' title='bbox 1593 679 1901 774; x_wconf 83' lang='lat' dir='ltr'><strong>Regum,</strong></span> 
     </span>
     <span class='ocr_line' id='line_1_6' title="bbox 149 807 1907 902; baseline -0.003 -21"><span class='ocrx_word' id='word_1_23' title='bbox 149 835 278 902; x_wconf 89' lang='lat' dir='ltr'>pro</span> <span class='ocrx_word' id='word_1_24' title='bbox 327 810 598 877; x_wconf 84' lang='lat' dir='ltr'>Corona</span> <span class='ocrx_word' id='word_1_25' title='bbox 642 810 1028 900; x_wconf 81' lang='lat' dir='ltr'>Hungariae</span> <span class='ocrx_word' id='word_1_26' title='bbox 1084 807 1568 879; x_wconf 68' lang='lat' dir='ltr'><strong>decertantium</strong></span> <span class='ocrx_word' id='word_1_27' title='bbox 1595 855 1616 888; x_wconf 91' lang='lat'>,</span> <span class='ocrx_word' id='word_1_28' title='bbox 1688 829 1730 876; x_wconf 85' lang='lat' dir='ltr'>a</span> <span class='ocrx_word' id='word_1_29' title='bbox 1784 831 1907 898; x_wconf 89' lang='lat' dir='ltr'>po-</span> 
     </span>
     <span class='ocr_line' id='line_1_7' title="bbox 148 931 1907 1024; baseline -0.001 -22"><span class='ocrx_word' id='word_1_30' title='bbox 148 936 542 1004; x_wconf 89' lang='lat' dir='ltr'>tentioribus</span> <span class='ocrx_word' id='word_1_31' title='bbox 606 938 790 1006; x_wconf 89' lang='lat' dir='ltr'>nullo</span> <span class='ocrx_word' id='word_1_32' title='bbox 871 935 1015 1003; x_wconf 88' lang='lat' dir='ltr'>iure</span> <span class='ocrx_word' id='word_1_33' title='bbox 1086 949 1445 1024; x_wconf 84' lang='lat' dir='ltr'>occupata,</span> <span class='ocrx_word' id='word_1_34' title='bbox 1519 931 1844 1022; x_wconf 84' lang='lat' dir='ltr'>qvaedam</span> <span class='ocrx_word' id='word_1_35' title='bbox 1882 980 1907 1013; x_wconf 94' lang='lat'>,</span> 
     </span>
     <span class='ocr_line' id='line_1_8' title="bbox 148 1061 1908 1151; baseline -0.002 -22"><span class='ocrx_word' id='word_1_36' title='bbox 148 1084 273 1132; x_wconf 86' lang='lat' dir='ltr'>ceu</span> <span class='ocrx_word' id='word_1_37' title='bbox 338 1061 631 1129; x_wconf 87' lang='lat' dir='ltr'>carentia</span> <span class='ocrx_word' id='word_1_38' title='bbox 693 1061 830 1127; x_wconf 86' lang='lat' dir='ltr'>iam</span> <span class='ocrx_word' id='word_1_39' title='bbox 875 1083 1303 1151; x_wconf 84' lang='lat' dir='ltr'>possessore,</span> <span class='ocrx_word' id='word_1_40' title='bbox 1366 1081 1496 1148; x_wconf 90' lang='lat' dir='ltr'>pro</span> <span class='ocrx_word' id='word_1_41' title='bbox 1534 1080 1768 1138; x_wconf 90' lang='lat' dir='ltr'>more,</span> <span class='ocrx_word' id='word_1_42' title='bbox 1828 1080 1908 1132; x_wconf 83' lang='lat' dir='ltr'>ac</span> 
     </span>
     <span class='ocr_line' id='line_1_9' title="bbox 148 1181 1910 1276; baseline -0.002 -24"><span class='ocrx_word' id='word_1_43' title='bbox 148 1186 514 1253; x_wconf 88' lang='lat' dir='ltr'>secundum</span> <span class='ocrx_word' id='word_1_44' title='bbox 557 1186 846 1276; x_wconf 87' lang='lat' dir='ltr'>patriam</span> <span class='ocrx_word' id='word_1_45' title='bbox 894 1188 1113 1276; x_wconf 88' lang='lat' dir='ltr'>legem</span> <span class='ocrx_word' id='word_1_46' title='bbox 1141 1230 1162 1262; x_wconf 94' lang='lat'>,</span> <span class='ocrx_word' id='word_1_47' title='bbox 1211 1184 1297 1270; x_wconf 83' lang='lat' dir='ltr'>x)</span> <span class='ocrx_word' id='word_1_48' title='bbox 1367 1183 1456 1251; x_wconf 90' lang='lat' dir='ltr'>ad</span> <span class='ocrx_word' id='word_1_49' title='bbox 1498 1183 1747 1273; x_wconf 87' lang='lat' dir='ltr'>Regias</span> <span class='ocrx_word' id='word_1_50' title='bbox 1794 1181 1910 1249; x_wconf 89' lang='lat' dir='ltr'>de-</span> 
     </span>
     <span class='ocr_line' id='line_1_10' title="bbox 150 1307 1911 1400; baseline -0.001 -24"><span class='ocrx_word' id='word_1_51' title='bbox 150 1310 333 1400; x_wconf 88' lang='lat' dir='ltr'>lapsa</span> <span class='ocrx_word' id='word_1_52' title='bbox 378 1334 643 1378; x_wconf 83' lang='lat' dir='ltr'>manus:</span> <span class='ocrx_word' id='word_1_53' title='bbox 715 1326 919 1400; x_wconf 74' lang='lat' dir='ltr'>utqye</span> <span class='ocrx_word' id='word_1_54' title='bbox 966 1310 1276 1377; x_wconf 80' lang='lat' dir='ltr'>sustineri</span> <span class='ocrx_word' id='word_1_55' title='bbox 1322 1307 1583 1393; x_wconf 82' lang='lat' dir='ltr'>facilius</span> <span class='ocrx_word' id='word_1_56' title='bbox 1632 1309 1790 1376; x_wconf 88' lang='lat' dir='ltr'>belli</span> <span class='ocrx_word' id='word_1_57' title='bbox 1840 1332 1911 1374; x_wconf 89' lang='lat' dir='ltr'>o-</span> 
     </span>
     <span class='ocr_line' id='line_1_11' title="bbox 151 1432 1911 1523; baseline -0.002 -21"><span class='ocrx_word' id='word_1_58' title='bbox 151 1459 310 1504; x_wconf 88' lang='lat' dir='ltr'>nera</span> <span class='ocrx_word' id='word_1_59' title='bbox 356 1453 670 1523; x_wconf 85' lang='lat' dir='ltr'>possent,</span> <span class='ocrx_word' id='word_1_60' title='bbox 718 1438 800 1505; x_wconf 90' lang='lat' dir='ltr'>ab</span> <span class='ocrx_word' id='word_1_61' title='bbox 841 1435 1280 1504; x_wconf 86' lang='lat' dir='ltr'>Administris</span> <span class='ocrx_word' id='word_1_62' title='bbox 1325 1432 1604 1513; x_wconf 85' lang='lat' dir='ltr'>aerarii,</span> <span class='ocrx_word' id='word_1_63' title='bbox 1651 1434 1762 1500; x_wconf 90' lang='lat' dir='ltr'>vel</span> <span class='ocrx_word' id='word_1_64' title='bbox 1809 1455 1911 1500; x_wconf 89' lang='lat' dir='ltr'>ar·</span> 
     </span>
     <span class='ocr_line' id='line_1_12' title="bbox 151 1556 1913 1650; baseline -0.002 -24"><span class='ocrx_word' id='word_1_65' title='bbox 151 1562 333 1626; x_wconf 85' lang='lat' dir='ltr'>cium</span> <span class='ocrx_word' id='word_1_66' title='bbox 379 1562 808 1650; x_wconf 85' lang='lat' dir='ltr'>Capitaneis,</span> <span class='ocrx_word' id='word_1_67' title='bbox 877 1585 1014 1629; x_wconf 90' lang='lat' dir='ltr'>non</span> <span class='ocrx_word' id='word_1_68' title='bbox 1073 1561 1282 1628; x_wconf 86' lang='lat' dir='ltr'>semel</span> <span class='ocrx_word' id='word_1_69' title='bbox 1347 1561 1417 1626; x_wconf 82' lang='lat' dir='ltr'>in</span> <span class='ocrx_word' id='word_1_70' title='bbox 1483 1559 1728 1649; x_wconf 87' lang='lat' dir='ltr'>pignus</span> <span class='ocrx_word' id='word_1_71' title='bbox 1794 1556 1913 1624; x_wconf 88' lang='lat' dir='ltr'>da·</span> 
     </span>
     <span class='ocr_line' id='line_1_13' title="bbox 150 1682 1929 1777; baseline 0 -28"><span class='ocrx_word' id='word_1_72' title='bbox 150 1702 237 1751; x_wconf 81' lang='lat' dir='ltr'>ta.</span> <span class='ocrx_word' id='word_1_73' title='bbox 278 1687 370 1775; x_wconf 88' lang='lat' dir='ltr'>y)</span> <span class='ocrx_word' id='word_1_74' title='bbox 461 1685 923 1754; x_wconf 83' lang='lat' dir='ltr'>Obsistebatur</span> <span class='ocrx_word' id='word_1_75' title='bbox 968 1684 1245 1773; x_wconf 88' lang='lat' dir='ltr'>qvidem</span> <span class='ocrx_word' id='word_1_76' title='bbox 1287 1682 1444 1752; x_wconf 84' lang='lat' dir='ltr'>huic</span> <span class='ocrx_word' id='word_1_77' title='bbox 1485 1685 1710 1761; x_wconf 76' lang='lat' dir='ltr'>malt),</span> <span class='ocrx_word' id='word_1_78' title='bbox 1772 1698 1929 1777; x_wconf 75' lang='lat' dir='ltr'>tam¹</span> 
     </span>
     <span class='ocr_line' id='line_1_14' title="bbox 148 1797 1908 1901; baseline -0.003 -23"><span class='ocrx_word' id='word_1_79' title='bbox 148 1832 273 1899; x_wconf 87' lang='lat' dir='ltr'>per</span> <span class='ocrx_word' id='word_1_80' title='bbox 321 1797 499 1901; x_wconf 85' lang='lat' dir='ltr'>leges</span> <span class='ocrx_word' id='word_1_81' title='bbox 543 1809 809 1898; x_wconf 82' lang='lat' dir='ltr'>Regni,</span> <span class='ocrx_word' id='word_1_82' title='bbox 877 1809 1350 1889; x_wconf 81' lang='lat' dir='ltr'>decernentes,</span> <span class='ocrx_word' id='word_1_83' title='bbox 1421 1824 1493 1877; x_wconf 89' lang='lat' dir='ltr'>ut</span> <span class='ocrx_word' id='word_1_84' title='bbox 1542 1809 1908 1888; x_wconf 81' lang='lat' dir='ltr'>Abbatiae,</span> 
     </span>
     <span class='ocr_line' id='line_1_15' title="bbox 158 1904 1915 2027; baseline -0.002 -26"><span class='ocrx_word' id='word_1_85' title='bbox 158 1952 530 2026; x_wconf 86' lang='lat' dir='ltr'>cunctaqve</span> <span class='ocrx_word' id='word_1_86' title='bbox 574 1936 910 2005; x_wconf 85' lang='lat' dir='ltr'>Beneficia</span> <span class='ocrx_word' id='word_1_87' title='bbox 927 1935 1402 2004; x_wconf 83' lang='lat' dir='ltr'>Ecclesiastica</span> <span class='ocrx_word' id='word_1_88' title='bbox 1426 1931 1728 2027; x_wconf 75' lang='lat' dir='ltr'>pristinis</span> <span class='ocrx_word' id='word_1_89' title='bbox 1757 1904 1915 2022; x_wconf 68' lang='lat' dir='ltr'>pos·</span> 
     </span>
     <span class='ocr_line' id='line_1_16' title="bbox 151 2054 1915 2153; baseline -0.004 -26"><span class='ocrx_word' id='word_1_90' title='bbox 151 2062 514 2130; x_wconf 83' lang='lat' dir='ltr'>sessoribus</span> <span class='ocrx_word' id='word_1_91' title='bbox 556 2062 962 2132; x_wconf 87' lang='lat' dir='ltr'>reddantur:</span> <span class='ocrx_word' id='word_1_92' title='bbox 1010 2062 1085 2140; x_wconf 86' lang='lat' dir='ltr'>z)</span> <span class='ocrx_word' id='word_1_93' title='bbox 1147 2085 1349 2150; x_wconf 87' lang='lat' dir='ltr'>qvam</span> <span class='ocrx_word' id='word_1_94' title='bbox 1398 2075 1466 2129; x_wconf 86' lang='lat' dir='ltr'>et</span> <span class='ocrx_word' id='word_1_95' title='bbox 1514 2082 1635 2153; x_wconf 86' lang='lat' dir='ltr'>per</span> <span class='ocrx_word' id='word_1_96' title='bbox 1679 2055 1734 2123; x_wconf 83' lang='lat' dir='ltr'><strong>F</strong></span> <span class='ocrx_word' id='word_1_97' title='bbox 1738 2054 1915 2126; x_wconf 80' lang='lat' dir='ltr'>erdi-</span> 
     </span>
     <span class='ocr_line' id='line_1_17' title="bbox 153 2162 1915 2278; baseline 0.003 -26"><span class='ocrx_word' id='word_1_98' title='bbox 153 2186 449 2255; x_wconf 87' lang='lat' dir='ltr'>nandum</span> <span class='ocrx_word' id='word_1_99' title='bbox 495 2188 547 2254; x_wconf 91' lang='grc' dir='ltr'>Ι.</span> <span class='ocrx_word' id='word_1_100' title='bbox 614 2187 909 2278; x_wconf 48' lang='lat' dir='ltr'>Regem&gt;</span> <span class='ocrx_word' id='word_1_101' title='bbox 945 2211 1120 2255; x_wconf 86' lang='lat' dir='ltr'>anno</span> <span class='ocrx_word' id='word_1_102' title='bbox 1173 2181 1366 2259; x_wconf 82' lang='lat'>1560.</span> <span class='ocrx_word' id='word_1_103' title='bbox 1422 2185 1542 2274; x_wconf 89' lang='lat' dir='ltr'>qvi</span> <span class='ocrx_word' id='word_1_104' title='bbox 1589 2162 1915 2276; x_wconf 70' lang='lat' dir='ltr'>peculiari</span> 
     </span>
     <span class='ocr_line' id='line_1_18' title="bbox 159 2302 1917 2400; baseline -0.001 -24"><span class='ocrx_word' id='word_1_105' title='bbox 159 2309 470 2390; x_wconf 88' lang='lat' dir='ltr'>decreto,</span> <span class='ocrx_word' id='word_1_106' title='bbox 528 2311 863 2382; x_wconf 85' lang='lat' dir='ltr'>-Ecclesias</span> <span class='ocrx_word' id='word_1_107' title='bbox 923 2327 1121 2400; x_wconf 88' lang='lat' dir='ltr'>atqve</span> <span class='ocrx_word' id='word_1_108' title='bbox 1169 2310 1519 2381; x_wconf 84' lang='lat' dir='ltr'>domicilia</span> <span class='ocrx_word' id='word_1_109' title='bbox 1563 2302 1917 2399; x_wconf 80' lang='lat' dir='ltr'>Regulari·</span> 
     </span>
     <span class='ocr_line' id='line_1_19' title="bbox 154 2431 1917 2530; baseline -0.002 -29"><span class='ocrx_word' id='word_1_110' title='bbox 154 2436 314 2515; x_wconf 90' lang='lat' dir='ltr'>bus,</span> <span class='ocrx_word' id='word_1_111' title='bbox 377 2435 463 2503; x_wconf 84' lang='lat' dir='ltr'>ad</span> <span class='ocrx_word' id='word_1_112' title='bbox 509 2460 674 2524; x_wconf 90' lang='lat' dir='ltr'>qvos</span> <span class='ocrx_word' id='word_1_113' title='bbox 717 2439 1223 2530; x_wconf 86' lang='lat' dir='ltr'>pertinuerant,</span> <span class='ocrx_word' id='word_1_114' title='bbox 1285 2449 1607 2523; x_wconf 83' lang='lat' dir='ltr'>qvatenus</span> <span class='ocrx_word' id='word_1_115' title='bbox 1652 2431 1727 2501; x_wconf 90' lang='lat' dir='ltr'>id</span> <span class='ocrx_word' id='word_1_116' title='bbox 1770 2431 1917 2499; x_wconf 80' lang='lat' dir='ltr'>fleri</span> 
     </span>
     <span class='ocr_line' id='line_1_20' title="bbox 154 2560 1917 2649; baseline 0.001 -26"><span class='ocrx_word' id='word_1_117' title='bbox 154 2575 414 2649; x_wconf 87' lang='lat' dir='ltr'>posset,</span> <span class='ocrx_word' id='word_1_118' title='bbox 484 2560 748 2628; x_wconf 85' lang='lat' dir='ltr'>reddita</span> <span class='ocrx_word' id='word_1_119' title='bbox 792 2562 1047 2641; x_wconf 89' lang='lat' dir='ltr'>voluit,</span> <span class='ocrx_word' id='word_1_120' title='bbox 1118 2563 1251 2630; x_wconf 89' lang='lat' dir='ltr'>illis</span> <span class='ocrx_word' id='word_1_121' title='bbox 1299 2560 1622 2629; x_wconf 84' lang='lat' dir='ltr'>duntaxat</span> <span class='ocrx_word' id='word_1_122' title='bbox 1670 2579 1917 2645; x_wconf 85' lang='lat' dir='ltr'>excep-</span> 
     </span>
     <span class='ocr_line' id='line_1_21' title="bbox 154 2681 1919 2773; baseline 0.001 -28"><span class='ocrx_word' id='word_1_123' title='bbox 154 2682 283 2760; x_wconf 88' lang='lat' dir='ltr'>tis,</span> <span class='ocrx_word' id='word_1_124' title='bbox 331 2705 500 2771; x_wconf 89' lang='lat' dir='ltr'>qvae</span> <span class='ocrx_word' id='word_1_125' title='bbox 543 2707 669 2773; x_wconf 89' lang='lat' dir='ltr'>pro</span> <span class='ocrx_word' id='word_1_126' title='bbox 717 2699 1004 2767; x_wconf 88' lang='lat' dir='ltr'>statuum</span> <span class='ocrx_word' id='word_1_127' title='bbox 1052 2684 1430 2765; x_wconf 86' lang='lat' dir='ltr'>desiderio,</span> <span class='ocrx_word' id='word_1_128' title='bbox 1468 2684 1544 2766; x_wconf 87' lang='lat' dir='ltr'>a)</span> <span class='ocrx_word' id='word_1_129' title='bbox 1588 2681 1677 2750; x_wconf 91' lang='lat' dir='ltr'>ad</span> <span class='ocrx_word' id='word_1_130' title='bbox 1717 2683 1919 2749; x_wconf 88' lang='lat' dir='ltr'>inter·</span> 
     </span>
    </p>
   </div>
   <div class='ocr_carea' id='block_1_3' title="bbox 154 2803 1942 2997">
    <p class='ocr_par' dir='ltr' id='par_1_4' title="bbox 154 2803 1942 2997">
     <span class='ocr_line' id='line_1_22' title="bbox 154 2803 1942 2905; baseline 0.002 -34"><span class='ocrx_word' id='word_1_131' title='bbox 154 2807 522 2875; x_wconf 87' lang='lat' dir='ltr'>tentionem</span> <span class='ocrx_word' id='word_1_132' title='bbox 570 2809 955 2881; x_wconf 86' lang='lat' dir='ltr'>Scholarum</span> <span class='ocrx_word' id='word_1_133' title='bbox 1021 2808 1353 2902; x_wconf 84' lang='lat' dir='ltr'>adplicata</span> <span class='ocrx_word' id='word_1_134' title='bbox 1398 2810 1537 2887; x_wconf 86' lang='lat' dir='ltr'>iam</span> <span class='ocrx_word' id='word_1_135' title='bbox 1582 2821 1790 2905; x_wconf 70' lang='lat' dir='ltr'>erant.</span> <span class='ocrx_word' id='word_1_136' title='bbox 1835 2803 1942 2888; x_wconf 82' lang='lat' dir='ltr'>b)</span> 
     </span>
     <span class='ocr_line' id='line_1_23' title="bbox 1584 2929 1829 2997; baseline 0.02 -4"><span class='ocrx_word' id='word_1_137' title='bbox 1584 2987 1593 2993; x_wconf 79' lang='grc'><strong>.</strong></span> <span class='ocrx_word' id='word_1_138' title='bbox 1697 2929 1829 2997; x_wconf 89' lang='lat' dir='ltr'>Sed</span> 
     </span>
    </p>
   </div>
   <div class='ocr_carea' id='block_1_4' title="bbox 228 3146 1938 3667">
    <p class='ocr_par' dir='ltr' id='par_1_5' title="bbox 228 3146 1938 3667">
     <span class='ocr_line' id='line_1_24' title="bbox 228 3146 1925 3233; baseline 0.001 -26"><span class='ocrx_word' id='word_1_139' title='bbox 228 3149 309 3216; x_wconf 82' lang='lat' dir='ltr'>x)</span> <span class='ocrx_word' id='word_1_140' title='bbox 349 3146 597 3223; x_wconf 75' lang='lat' dir='ltr'>Tripart.</span> <span class='ocrx_word' id='word_1_141' title='bbox 636 3163 789 3224; x_wconf 72' lang='lat' dir='ltr'>parte</span> <span class='ocrx_word' id='word_1_142' title='bbox 823 3168 882 3209; x_wconf 66' lang='grc' dir='ltr'>ι.</span> <span class='ocrx_word' id='word_1_143' title='bbox 920 3148 1004 3211; x_wconf 81' lang='lat' dir='ltr'>tit.</span> <span class='ocrx_word' id='word_1_144' title='bbox 1047 3166 1130 3222; x_wconf 81' lang='lat'>13.</span> <span class='ocrx_word' id='word_1_145' title='bbox 1204 3154 1273 3233; x_wconf 83' lang='lat' dir='ltr'>y)</span> <span class='ocrx_word' id='word_1_146' title='bbox 1326 3152 1452 3215; x_wconf 76' lang='lat' dir='ltr'>Art.</span> <span class='ocrx_word' id='word_1_147' title='bbox 1501 3164 1595 3220; x_wconf 80' lang='lat'>31.</span> <span class='ocrx_word' id='word_1_148' title='bbox 1652 3146 1806 3218; x_wconf 82' lang='lat'>1567.</span> <span class='ocrx_word' id='word_1_149' title='bbox 1861 3152 1925 3205; x_wconf 66' lang='grc' dir='ltr'>Εἰ</span> 
     </span>
     <span class='ocr_line' id='line_1_25' title="bbox 300 3256 1922 3339; baseline -0.001 -23"><span class='ocrx_word' id='word_1_150' title='bbox 300 3256 588 3319; x_wconf 86' lang='lat' dir='ltr'>Martinus</span> <span class='ocrx_word' id='word_1_151' title='bbox 628 3258 992 3339; x_wconf 66' lang='lat' dir='ltr'>Szentivanyi</span> <span class='ocrx_word' id='word_1_152' title='bbox 1032 3259 1247 3338; x_wconf 83' lang='lat' dir='ltr'>dissert.</span> <span class='ocrx_word' id='word_1_153' title='bbox 1288 3260 1618 3338; x_wconf 77' lang='lat' dir='ltr'>paralipom.</span> <span class='ocrx_word' id='word_1_154' title='bbox 1655 3273 1758 3315; x_wconf 79' lang='lat' dir='ltr'>rer.</span> <span class='ocrx_word' id='word_1_155' title='bbox 1798 3273 1922 3314; x_wconf 64' lang='lat' dir='ltr'>mea</span> 
     </span>
     <span class='ocr_line' id='line_1_26' title="bbox 298 3364 1917 3445; baseline 0.003 -18"><span class='ocrx_word' id='word_1_156' title='bbox 298 3371 509 3438; x_wconf 84' lang='lat' dir='ltr'>morab.</span> <span class='ocrx_word' id='word_1_157' title='bbox 541 3368 735 3445; x_wconf 83' lang='lat' dir='ltr'>Hung.</span> <span class='ocrx_word' id='word_1_158' title='bbox 772 3377 931 3432; x_wconf 81' lang='lat' dir='ltr'>catal.</span> <span class='ocrx_word' id='word_1_159' title='bbox 969 3373 1193 3434; x_wconf 90' lang='lat' dir='ltr'>LVIII.</span> <span class='ocrx_word' id='word_1_160' title='bbox 1267 3375 1334 3442; x_wconf 85' lang='lat' dir='ltr'>z)</span> <span class='ocrx_word' id='word_1_161' title='bbox 1380 3380 1536 3444; x_wconf 77' lang='lat'>1548.</span> <span class='ocrx_word' id='word_1_162' title='bbox 1579 3383 1680 3430; x_wconf 82' lang='lat' dir='ltr'>art.</span> <span class='ocrx_word' id='word_1_163' title='bbox 1721 3375 1775 3429; x_wconf 86' lang='lat'>8·</span> <span class='ocrx_word' id='word_1_164' title='bbox 1854 3364 1917 3432; x_wconf 74' lang='lat' dir='ltr'>a)</span> 
     </span>
     <span class='ocr_line' id='line_1_27' title="bbox 297 3474 1917 3566; baseline -0.003 -27"><span class='ocrx_word' id='word_1_165' title='bbox 297 3476 448 3543; x_wconf 88' lang='lat' dir='ltr'>Ibid.</span> <span class='ocrx_word' id='word_1_166' title='bbox 489 3490 591 3542; x_wconf 81' lang='lat' dir='ltr'>art.</span> <span class='ocrx_word' id='word_1_167' title='bbox 634 3496 718 3538; x_wconf 80' lang='lat'>12.</span> <span class='ocrx_word' id='word_1_168' title='bbox 794 3481 867 3549; x_wconf 84' lang='lat' dir='ltr'>b)</span> <span class='ocrx_word' id='word_1_169' title='bbox 906 3479 1143 3560; x_wconf 85' lang='lat' dir='ltr'>Legitur</span> <span class='ocrx_word' id='word_1_170' title='bbox 1191 3485 1300 3566; x_wconf 69' lang='lat' dir='ltr'>hoe</span> <span class='ocrx_word' id='word_1_171' title='bbox 1336 3484 1636 3544; x_wconf 85' lang='lat' dir='ltr'>Decretum</span> <span class='ocrx_word' id='word_1_172' title='bbox 1687 3496 1771 3551; x_wconf 84' lang='lat' dir='ltr'>ap.</span> <span class='ocrx_word' id='word_1_173' title='bbox 1813 3474 1917 3536; x_wconf 86' lang='lat' dir='ltr'>Pe&#39;-</span> 
     </span>
     <span class='ocr_line' id='line_1_28' title="bbox 303 3590 1938 3667; baseline 0.005 -18"><span class='ocrx_word' id='word_1_174' title='bbox 303 3592 462 3667; x_wconf 77' lang='lat' dir='ltr'>terffy</span> <span class='ocrx_word' id='word_1_175' title='bbox 503 3590 676 3652; x_wconf 77' lang='lat' dir='ltr'>T.·2.</span> <span class='ocrx_word' id='word_1_176' title='bbox 717 3608 846 3667; x_wconf 83' lang='lat' dir='ltr'>pag.</span> <span class='ocrx_word' id='word_1_177' title='bbox 883 3590 973 3658; x_wconf 70' lang='lat'>40¹.</span> <span class='ocrx_word' id='word_1_178' title='bbox 1933 3610 1938 3614; x_wconf 81' lang='grc'><strong>’</strong></span> 
     </span>
    </p>
   </div>
  </div>
 </body>
</html>
