1930 3828
56 233 61 241 '
127 244 248 307 578
877 243 1123 269 ···········

132 422 236 476 24.
284 390 534 493 Aprilis
585 402 895 471 eiusdem
942 404 1101 471 anni
1141 400 1613 484 decrevisset,
1657 421 1729 472 ut
1776 430 1893 473 ne-

130 550 243 602 mo
294 526 534 593 audeat
581 528 677 592 uti
721 531 979 616 pileolo
1031 528 1104 594 in
1154 529 1895 598 celebratione·Missa·

128 674 315 731 rum,
386 651 528 719 sine
602 674 919 742 expressa
980 653 1249 719 licentia
1308 651 1487 720 sedis
1549 653 1895 742 Apostoli-

134 799 290 859 cae3
339 778 396 863 r)
441 779 951 865 qvaesitumqve
997 790 1169 843 esset
1202 777 1272 843 in
1296 777 1699 865 particulari
1715 778 1897 845 Con-

131 905 519 993 gregatione
564 903 647 970 ab
683 902 1076 972 Alexandro
1115 903 1297 968 VIII.
1324 926 1515 970 -anno
1557 901 1748 990 1690.
1784 905 1900 972 de·

136 1040 412 1117 putata,
474 1042 699 1102 ,utrum
765 1031 1043 1096 nomine
1075 1030 1325 1120 -pileoli
1374 1028 1902 1120 comprehenda-

135 1167 242 1218 tur
289 1156 490 1218 etiam
539 1176 734 1222 coma
782 1150 998 1221 ficta?
1046 1177 1439 1245 responsum
1486 1153 1651 1220 fuit:
1720 1177 1906 1221 com·

137 1276 488 1369 prehendi.
581 1259 1020 1369 Qvapropter
1082 1279 1514 1346 Innocentius
1557 1277 1714 1345 XII.
1780 1303 1906 1369 per

139 1402 569 1489 Apostolicos
638 1406 947 1471 Nuncios
1011 1405 1275 1471 moneri
1347 1405 1538 1470 iussit
1599 1404 1906 1472 locorum

110 1523 583 1614 ‚Or-dinarios,
645 1553 730 1596 ne
778 1552 1183 1619 qvemqvam
1230 1530 1742 1621 permitterent,
1812 1531 1904 1597 A-

56 1669 58 1671 ’
147 1652 484 1741 postolico
530 1653 708 1722 haud
758 1657 1107 1738 munitum
1137 1654 1541 1747 privilegio,
1590 1679 1748 1723 cum
1794 1678 1908 1723 co-

141 1800 255 1843 ma
318 1778 472 1843 ficta
527 1780 816 1848 Missam
880 1782 1236 1850 celebrare.
1285 1782 1390 1864 ε).
1442 1779 1908 1849 Nihilominus

150 1900 660 1986 decretum-hoc
687 1952 711 1985 ‚
775 1907 845 1972 in
891 1879 1275 1995 regionibns
1318 1906 1759 1994 septentrioni
1808 1908 1908 1973 vi-

150 2028 550 2112 cinioribuS,
597 2031 877 2098 arduum
924 2046 1020 2097 est
1055 2030 1143 2098 ad
1187 2053 1483 2121 ungvem
1527 2032 1905 2101 observare.

909 2276 927 2291 .
1001 2225 1203 2292 CCC.

405 2334 567 2424 Vel
613 2375 811 2454 qvae
857 2221 1150 2430 {mnus
1205 2352 1662 2467 impediunt.

334 2530 654 2597 Vetantur
706 2533 978 2623 insuper
1022 2534 1343 2600 nonnulla
1386 2533 1909 2636 Clericis'‚·eo‚

155 2655 335 2744 qvod
385 2660 684 2723 animum
732 2682 769 2724 a
815 2663 1179 2749 praecepto
1225 2658 1356 2724 illis
1403 2681 1677 2728 munere
1713 2658 1911 2724 nimi-

155 2786 361 2847 mium
408 2777 893 2872 avocenuyel
939 2785 1275 2874 abripiant
1319 2785 1531 2850 multa
1589 2786 1912 2876 temporis

155 2922 546 2989 momenta,
619 2932 791 2995 qvae
849 2908 1081 2976 studiis
1149 2902 1607 2977 conseeranda
1663 2910 1908 2978 forent.

1560 3021 1570 3028 ⁴
1678 3033 1820 3101 Ta-

225 3227 294 3296 r)
345 3212 611 3286 Fundani.
660 3225 1057 3302 prohibitionis
1111 3242 1192 3290 est
1241 3248 1363 3290 can.
1413 3247 1521 3304 57..
1559 3227 1689 3290 dist.
1745 3243 1796 3285 1.
1834 3228 1904 3285 de

300 3331 542 3395 corisecr.
620 3338 679 3406 s)
715 3338 890 3396 Teste
931 3339 1139 3399 Bened.
1180 3342 1346 3401 XIV.
1388 3341 1482 3405 cit.
1519 3358 1613 3413 op.
1641 3336 1821 3407 libro,
1861 3347 1917 3394 et

303 3464 430 3518 cap.
467 3466 618 3506 num.
663 3463 716 3522 5.
755 3462 809 3509 et
846 3463 1004 3512 autea
1041 3449 1101 3511 in
1140 3448 1386 3512 Institut.
1431 3455 1585 3514 Eccl.
1628 3447 1914 3514 XXXIV.

305 3567 358 3614 et
396 3556 619 3617 XCVI.
