1930 3828
159 288 284 340 510
915 279 1159 316 a

159 448 270 531 qvi
320 466 357 508 e
398 440 842 530 Regularibus
891 463 1048 506 cum
1095 436 1412 506 facultate
1448 422 1930 530 superiorum,-⁴÷

156 579 553 638 testamenta
610 578 1071 650 exeqvuntur‚
1133 566 1460 631 rationem
1506 567 1759 654 peracti
1814 566 1930 637 οἷ’-ιη

157 695 289 759 ficii
335 689 619 759 reddere
665 701 971 754 tenentur
1016 688 1626 777 Episcop05siqve
1668 689 1740 754 ,in
1772 690 1907 754 -illo

157 818 608 905 deliqverint‚
668 835 789 904 per
852 810 1625 903 eumdemEpisoopum
1669 815 1930 900 puniri]

155 965 420 1032 qvoqve
477 954 775 1033 possunt.
845 938 925 1029 g)
1015 937 1246 1004 Prouti
1307 936 1508 1003 etiam
1559 938 1711 1014 illi,
1790 916 1930 1023 qvi.¹

152 1069 562 1136 Monialium
592 1065 881 1139 ¹turbant
925 1064 1315 1130 clausuram.
1354 1059 1454 1144 h)
1531 1062 1671 1152 Qvi
1706 1087 1738 1128 a
1773 1063 1905 1128 suis

153 1194 612 1261 Conventibus
675 1187 1040 1264 recedunt,
1117 1187 1321 1252 etiam
1390 1202 1745 1275 praetextu
1816 1186 1923 1253 ad·

155 1319 546 1406 Superiores
615 1314 867 1391 eundi,
939 1310 1361 1403 sinehorum
1401 1311 1760 1391 mandate,
1838 1293 1930 1377 in¹

155 1442 416 1533 scriptis
466 1441 741 1506 obtento
769 1484 793 1519 ‚
855 1438 1258 1524 ubicumqve
1302 1444 1593 1529 reperti,
1638 1437 1723 1503 ab
1774 1437 1905 1503 Or-

155 1565 430 1633 dinariis
488 1567 791 1633 locorum
820 1609 841 1640 ,
918 1578 1260 1651 tamqvam
1309 1549 1592 1631 Ordinis
1634 1564 1737 1630 sui
1786 1562 1923 1630 de-.

114 1653 431 1758 Nsertores
499 1690 722 1780 puniri
764 1704 1068 1780 possunt.
1118 1689 1178 1770 i)
1270 1689 1360 1756 At
1399 1710 1562 1756 vero
1607 1690 1676 1756 S.
1723 1689 1918 1755 Con·.

154 1817 453 1906 gregatio
499 1809 814 1881 Concilii‘
847 1811 1242 1881 Tridentini
1306 1818 1744 1906 interpretum
1792 1839 1910 1882 an-

155 1965 242 2007 no
294 1940 485 2011 1624.
546 1940 954 2017 declaravit,
1002 1939 1187 2025 qvod
1233 1938 1498 2030 fugitivi
1545 1954 1612 2008 et
1645 1956 1906 2031 aposta·

151 2082 295 2145 tae,
361 2069 500 2131 sive
562 2064 858 2133 habitum
918 2065 1294 2153 regularem
1342 2062 1693 2146 deferant,
1765 2070 1908 2132 sive

153 2206 329 2271 non,
393 2197 650 2281 possint
709 2214 785 2256 ac
851 2188 1138 2256 debeant
1197 2190 1279 2256 ab
1325 2188 1666 2281 Episcopo
1726 2192 1904 2270 loci,

143 2317 261 2380 ubi
323 2339 584 2382 mor-am
630 2315 935 2392 trahunt,
1010 2316 1077 2380 in
1125 2335 1418 2382 carceres
1466 2316 1759 2395 confici,
1830 2339 1908 2383 ac

152 2443 598 2529 superioribus
664 2439 1107 2530 Regularibus
1163 2440 1581 2530 consignari,
1661 2451 1732 2508 ut
1803 2466 1906 2509 se·

40 2591 49 2597 ⁸
156 2565 444 2633 cundum
492 2566 790 2654 regulam
840 2563 1117 2644 Ordinis
1161 2568 1256 2630 sui
1300 2567 1688 2654 puniantur.
1734 2566 1819 2651 k)

1258 2723 1328 2819 §-
1377 2703 1816 2797 chxxm.

298 2938 420 2993 cap.
446 2928 530 2984 ’8.
583 2921 739 2981 Adde
788 2921 1005 2982 Bened.
1058 2922 1223 2982 XIV.
1281 2923 1349 2982 de
1397 2922 1528 2999 Syn.
1566 2919 1762 2985 Dioec.
1801 2923 1910 2986 lib.

302 3033 465 3098 xm,
518 3049 635 3104 cap.
689 3034 792 3090 ult.
842 3052 1001 3094 num.
1053 3036 1107 3096 6.
1182 3033 1254 3109 g)
1307 3036 1452 3106 Cap.
1502 3030 1669 3092 unico
1719 3035 1788 3094 de
1827 3046 1910 3093 te·

302 3153 462 3201 atam.
519 3139 581 3200 in
629 3143 809 3203 Clem.
882 3143 954 3214 h)
1008 3146 1150 3220 Cap.
1200 3160 1298 3201 un.
1350 3142 1420 3201 de
1458 3153 1600 3202 statu
1638 3144 1914 3204 monache

302 3247 363 3310 in
400 3252 452 3310 ⁶.
496 3254 666 3323 conc.
705 3250 965 3317 Trident.
1006 3272 1138 3313 sess.
1177 3254 1374 3313 XXV.
1414 3255 1484 3314 de
1510 3256 1756 3330 regular.
1786 3272 1912 3329 cap.

306 3373 362 3434 5.
411 3362 573 3423 Adde
611 3364 820 3425 Bened.
871 3365 1043 3438 XIV,
1088 3360 1183 3424 cit.
1223 3381 1319 3437 op.
1357 3361 1460 3423 lib.
1502 3364 1618 3426 IX..
1649 3381 1778 3436 cap.
1823 3375 1911 3435 15·

305 3490 459 3531 num.
495 3488 550 3545 7.
623 3471 683 3544 i)
723 3472 888 3535 Trid.
927 3492 1062 3533 sess.
1098 3473 1299 3535 XXV.
1336 3475 1406 3533 de
1432 3477 1671 3550 regniac.
1702 3489 1829 3545 cap.
1854 3484 1915 3541 4.

287 3580 379 3650 k)
410 3585 584 3655 Apud
620 3585 840 3651 Bened.
872 3584 1042 3645 XLV.
1081 3580 1181 3644 cit.
1220 3601 1311 3659 op.
1348 3581 1451 3645 lib·-
1482 3585 1657 3649 xm..
1671 3602 1797 3656 cap.
1829 3597 1919 3655 ,²²-
