1930 3828
133 223 258 321 ³96„
874 235 1120 277 ===

519 460 523 468 ,
763 396 831 487 §.
879 393 1230 464 CCXXX.
1415 448 1418 454 .

420 508 624 587 Iura
679 501 892 603 dign.
955 528 1125 603 cap.
1184 529 1311 602 ap.
1371 506 1560 584 Nos.

227 673 230 677 ·
302 650 376 715 In
424 633 731 738 capitulis
770 647 1104 716 Ecclesiae
1150 648 1613 737 Hungaricae,
1656 631 1866 718 Preie-

117 778 386 873 positus
432 770 707 849 Maior,
775 771 843 856 ο)
913 773 1102 838 sicuti
1167 773 1458 862 primum
1528 787 1730 850 tenet¹
1772 778 1867 841 lo·
1928 802 1930 804 ·

129 923 321 976 cum,
386 902 477 963 ita
539 899 967 987 praecipuam
1015 896 1211 965 habet
1259 917 1488 962 curam
1534 910 1867 987 tempora·

125 1026 290 1089 lium
353 1021 439 1089 ad
505 1027 647 1093 iura
716 1012 989 1110 capituli
1039 1022 1519 1119 spectantium3
1583 1046 1866 1109 qvos-um

125 1147 412 1239 proinde
470 1169 702 1225 causa,
770 1162 991 1242 potest
1041 1146 1416 1233 capitulum
1466 1170 1862 1217 convocare.

124 1273 295 1339 Huic
339 1255 626 1362 amplior
676 1288 807 1350 est,
853 1294 1051 1357 qvam
1097 1271 1339 1337 ceteris
1379 1276 1600 1362 portio
1648 1298 1685 1356 c
1713 1297 1865 1364 pro·

124 1412 327 1467 ventu
384 1400 775 1474 communi,
843 1420 967 1491 pro
1015 1394 1494 1464 consvetudine
1539 1398 1864 1485 capitulo-

121 1544 286 1590 rum.
380 1523 602 1590 Sicubi
666 1546 826 1596 vero
891 1523 1226 1610 privativa
1286 1520 1462 1589 bona
1522 1522 1862 1616 possidet,

121 1646 285 1712 nihil
349 1646 503 1718 hinc
558 1649 794 1714 ceteris
839 1649 1147 1738 obtingit.
1241 1643 1559 1721 Lectoris
1605 1661 1701 1716 est
1749 1669 1864 1716 cu-

120 1771 369 1838 stodire
432 1771 869 1846 Tabularium
930 1747 1259 1861 capiituli«.
1330 1795 1407 1842 ac
1454 1772 1863 1857 documenta

117 1897 272 1963 fidei
320 1898 616 1987 Capituli
679 1920 798 1987 per
862 1897 1024 1964 alios
1091 1897 1390 1979 credita,
1460 1900 1656 1970 simul
1704 1918 1862 1966 cum

117 2022 335 2111 sigillo
398 2023 764 2112 capitulari.
858 2003 949 2092 In*
980 2022 1272 2118 Epclesia
1328 2045 1487 2092 vero
1545 2019 1864 2111 Zagrabi-

116 2147 301 2224 ensi,
381 2149 760 2237 capitularis
836 2149 1049 2227 alter,
1135 2147 1313 2217 vdtis
1391 2161 1760 2217 ceterorum
1824 2169 1861 2217 e

114 2271 369 2358 gremio
438 2270 781 2352 delectus,
860 2271 1022 2342 haec
1103 2275 1329 2343 omnia
1396 2272 1710 2342 custodit.
1774 2270 1860 2363 p)

115 2395 323 2462 Porro
379 2397 645 2462 iubente
705 2397 987 2463 articulo
1049 2410 1156 2484 39.
1230 2398 1385 2491 anni
1458 2410 1647 2470 1723.
1710 2400 1857 2468 uni·

113 2541 340 2584 versae
399 2519 901 2614 expeditiones,
977 2523 1043 2590 in
1090 2523 1855 2617 Capitulisxconservan-

117 2641 282 2719 dae,
334 2659 592 2732 praeter
627 2646 1020 2741 referentes,
1071 2650 1273 2715 etiam
1320 2670 1444 2737 per
1474 2618 1852 2725 Lecton-em.

110 2770 224 2842 vel
271 2766 396 2833 hoc
443 2768 749 2845 absente,
800 2795 918 2859 per
964 2774 1166 2840 alium
1203 2773 1671 2862 capitularem3
1719 2797 1853 2845 non
1918 2771 1930 2817 ἶ

113 2913 294 2970 secus
362 2893 560 2964 etiam
608 2895 981 2969 authentica
1021 2896 1465 2978 documenta,
1527 2920 1695 2991 qvae
1744 2897 1854 2965 de-

1605 3024 1765 3094 bent

183 3209 255 3282 ο)
296 3214 534 3274 Causam
571 3201 734 3280 huius
774 3218 1125 3295 comparativi,
1185 3230 1248 3282 ut
1295 3238 1424 3281 cum
1472 3213 1874 3309 grammaticis

247 3322 484 3402 loqvar‚
523 3327 713 3386 reddet
766 3325 859 3386 hic
904 3326 1081 3397 §phun
1119 3329 1189 3388 L.
1265 3332 1343 3403 p)
1375 3327 1563 3390 Testis
1592 3343 1675 3388 est
1709 3330 1846 3386 Ker-

251 3428 458 3497 eselieh
494 3431 554 3497 in
593 3433 719 3494 hist.
775 3436 935 3495 Cath.
991 3438 1151 3502 Eccl.
1195 3441 1446 3515 Zagrab.
1499 3444 1623 3516 pa'g.
1663 3438 1751 3510 96.
1791 3450 1847 3500 et

225 3550 489 3607 ‘meamet
527 3544 875 3634 experientia
909 3545 1046 3609 anni
1087 3558 1241 3621 1783.
1280 3563 1337 3610 et
1371 3568 1492 3631 seq.
1581 3582 1584 3585 ·
