<?xml version="1.0" encoding="UTF-8"?>
<!DOCTYPE html PUBLIC "-//W3C//DTD XHTML 1.0 Transitional//EN"
    "http://www.w3.org/TR/xhtml1/DTD/xhtml1-transitional.dtd">
<html xmlns="http://www.w3.org/1999/xhtml" xml:lang="en" lang="en">
 <head>
  <title>
</title>
<meta http-equiv="Content-Type" content="text/html;charset=utf-8" />
  <meta name='ocr-system' content='tesseract 3.04.00' />
  <meta name='ocr-capabilities' content='ocr_page ocr_carea ocr_par ocr_line ocrx_word'/>
</head>
<body>
  <div class='ocr_page' id='page_1' title='image "./iuspublicumcommu00szvo_0166.png"; bbox 0 0 1930 3828; ppageno 0'>
   <div class='ocr_carea' id='block_1_1' title="bbox 915 188 1163 208">
    <p class='ocr_par' dir='ltr' id='par_1_1' title="bbox 915 188 1163 208">
     <span class='ocr_line' id='line_1_1' title="bbox 915 188 1163 208; baseline 0 3620"><span class='ocrx_word' id='word_1_1' title='bbox 915 188 1163 208; x_wconf 95' lang='lat' dir='ltr'><strong> </strong></span> 
     </span>
    </p>
   </div>
   <div class='ocr_carea' id='block_1_2' title="bbox 68 173 1930 3179">
    <p class='ocr_par' dir='ltr' id='par_1_2' title="bbox 138 173 1163 261">
     <span class='ocr_line' id='line_1_2' title="bbox 138 173 1163 261; baseline -0.006 1"><span class='ocrx_word' id='word_1_2' title='bbox 138 173 142 178; x_wconf 38' lang='lat'>⁵</span> <span class='ocrx_word' id='word_1_3' title='bbox 180 206 302 261; x_wconf 75' lang='lat'><strong>144</strong></span> <span class='ocrx_word' id='word_1_4' title='bbox 914 215 1163 227; x_wconf 57' lang='grc'>·--“-</span> 
     </span>
    </p>

    <p class='ocr_par' dir='ltr' id='par_1_3' title="bbox 66 337 1930 2323">
     <span class='ocr_line' id='line_1_3' title="bbox 176 337 1907 449; baseline -0.005 -22"><span class='ocrx_word' id='word_1_5' title='bbox 176 365 286 443; x_wconf 83' lang='lat' dir='ltr'><strong>id,</strong></span> <span class='ocrx_word' id='word_1_6' title='bbox 332 338 513 449; x_wconf 66' lang='lat' dir='ltr'>qvod</span> <span class='ocrx_word' id='word_1_7' title='bbox 540 354 736 422; x_wconf 83' lang='lat' dir='ltr'><strong>etiam</strong></span> <span class='ocrx_word' id='word_1_8' title='bbox 763 370 847 418; x_wconf 82' lang='lat' dir='ltr'><strong>ex</strong></span> <span class='ocrx_word' id='word_1_9' title='bbox 873 350 1229 434; x_wconf 85' lang='lat' dir='ltr'><strong>antiqviori</strong></span> <span class='ocrx_word' id='word_1_10' title='bbox 1262 347 1412 436; x_wconf 85' lang='lat' dir='ltr'><strong>lege</strong></span> <span class='ocrx_word' id='word_1_11' title='bbox 1436 337 1799 439; x_wconf 73' lang='lat' dir='ltr'><strong>deducunt.</strong></span> <span class='ocrx_word' id='word_1_12' title='bbox 1829 351 1907 435; x_wconf 86' lang='lat' dir='ltr'><strong>z)</strong></span> 
     </span>
     <span class='ocr_line' id='line_1_4' title="bbox 173 471 1926 563; baseline -0.005 -11.518"><span class='ocrx_word' id='word_1_13' title='bbox 173 490 462 554; x_wconf 84' lang='lat' dir='ltr'><strong>Vicarius</strong></span> <span class='ocrx_word' id='word_1_14' title='bbox 512 478 855 553; x_wconf 79' lang='lat' dir='ltr'><strong>foraneuS,</strong></span> <span class='ocrx_word' id='word_1_15' title='bbox 905 474 959 538; x_wconf 87' lang='lat' dir='ltr'><strong>si</strong></span> <span class='ocrx_word' id='word_1_16' title='bbox 1006 471 1093 539; x_wconf 85' lang='lat' dir='ltr'><strong>ad</strong></span> <span class='ocrx_word' id='word_1_17' title='bbox 1127 485 1390 538; x_wconf 86' lang='lat' dir='ltr'><strong>coetum</strong></span> <span class='ocrx_word' id='word_1_18' title='bbox 1420 473 1748 563; x_wconf 72' lang='lat' dir='ltr'>pertineat</span> <span class='ocrx_word' id='word_1_19' title='bbox 1775 474 1926 543; x_wconf 82' lang='lat' dir='ltr'>Pa--</span> 
     </span>
     <span class='ocr_line' id='line_1_5' title="bbox 169 592 1912 685; baseline -0.013 -8"><span class='ocrx_word' id='word_1_20' title='bbox 169 609 514 678; x_wconf 78' lang='lat' dir='ltr'><strong>rochorum</strong></span> <span class='ocrx_word' id='word_1_21' title='bbox 543 649 565 680; x_wconf 88' lang='lat'>‚</span> <span class='ocrx_word' id='word_1_22' title='bbox 631 608 829 668; x_wconf 85' lang='lat' dir='ltr'><strong>nemo</strong></span> <span class='ocrx_word' id='word_1_23' title='bbox 877 596 1176 674; x_wconf 82' lang='lat' dir='ltr'><strong>dubitat,</strong></span> <span class='ocrx_word' id='word_1_24' title='bbox 1218 596 1525 685; x_wconf 66' lang='lat' dir='ltr'><strong>’Synodo</strong></span> <span class='ocrx_word' id='word_1_25' title='bbox 1567 592 1763 669; x_wconf 80' lang='lat' dir='ltr'><strong>illum</strong></span> <span class='ocrx_word' id='word_1_26' title='bbox 1808 603 1912 670; x_wconf 74' lang='lat' dir='ltr'><strong>in-</strong></span> 
     </span>
     <span class='ocr_line' id='line_1_6' title="bbox 168 718 1930 822; baseline -0.004 -21"><span class='ocrx_word' id='word_1_27' title='bbox 168 751 409 803; x_wconf 85' lang='lat' dir='ltr'><strong>teresse</strong></span> <span class='ocrx_word' id='word_1_28' title='bbox 454 752 604 798; x_wconf 89' lang='lat' dir='ltr'><strong>cum</strong></span> <span class='ocrx_word' id='word_1_29' title='bbox 655 728 888 812; x_wconf 82' lang='lat' dir='ltr'><strong>ceteris</strong></span> <span class='ocrx_word' id='word_1_30' title='bbox 935 721 1214 804; x_wconf 81' lang='lat' dir='ltr'><strong>debere3</strong></span> <span class='ocrx_word' id='word_1_31' title='bbox 1263 718 1319 801; x_wconf 82' lang='lat' dir='ltr'><strong>si</strong></span> <span class='ocrx_word' id='word_1_32' title='bbox 1357 746 1518 791; x_wconf 85' lang='lat' dir='ltr'><strong>vero</strong></span> <span class='ocrx_word' id='word_1_33' title='bbox 1555 726 1930 822; x_wconf 69' lang='lat' dir='ltr'><strong>Presbyter·</strong></span> 
     </span>
     <span class='ocr_line' id='line_1_7' title="bbox 165 835 1908 939; baseline -0.005 -14"><span class='ocrx_word' id='word_1_34' title='bbox 165 861 247 925; x_wconf 92' lang='lat' dir='ltr'><strong>sit</strong></span> <span class='ocrx_word' id='word_1_35' title='bbox 290 880 428 925; x_wconf 93' lang='lat' dir='ltr'><strong>non</strong></span> <span class='ocrx_word' id='word_1_36' title='bbox 470 854 935 927; x_wconf 79' lang='lat' dir='ltr'><strong>beneficiatu5‚</strong></span> <span class='ocrx_word' id='word_1_37' title='bbox 984 846 1166 912; x_wconf 86' lang='lat' dir='ltr'><strong>idem</strong></span> <span class='ocrx_word' id='word_1_38' title='bbox 1214 835 1531 937; x_wconf 60' lang='grc' dir='ltr'><strong>ἀείρεο,</strong></span> <span class='ocrx_word' id='word_1_39' title='bbox 1590 852 1908 939; x_wconf 53' lang='lat' dir='ltr'><strong>quotide</strong></span> 
     </span>
     <span class='ocr_line' id='line_1_8' title="bbox 145 950 1906 1065; baseline -0.009 -12"><span class='ocrx_word' id='word_1_40' title='bbox 145 984 432 1052; x_wconf 83' lang='lat' dir='ltr'><strong>Vicario</strong></span> <span class='ocrx_word' id='word_1_41' title='bbox 463 1028 486 1061; x_wconf 85' lang='lat'>‚</span> <span class='ocrx_word' id='word_1_42' title='bbox 539 978 936 1063; x_wconf 57' lang='lat' dir='ltr'><strong>,eademqve</strong></span> <span class='ocrx_word' id='word_1_43' title='bbox 1023 970 1108 1038; x_wconf 84' lang='lat' dir='ltr'><strong>de</strong></span> <span class='ocrx_word' id='word_1_44' title='bbox 1186 992 1382 1061; x_wconf 58' lang='lat' dir='ltr'><strong>causei</strong></span> <span class='ocrx_word' id='word_1_45' title='bbox 1439 950 1906 1065; x_wconf 45' lang='lat' dir='ltr'><strong>pronuncian-</strong></span> 
     </span>
     <span class='ocr_line' id='line_1_9' title="bbox 68 1096 1908 1186; baseline -0.003 -10"><span class='ocrx_word' id='word_1_46' title='bbox 68 1136 70 1141; x_wconf 66' lang='grc'>’</span> <span class='ocrx_word' id='word_1_47' title='bbox 165 1105 346 1175; x_wconf 87' lang='lat' dir='ltr'><strong>dum.</strong></span> <span class='ocrx_word' id='word_1_48' title='bbox 410 1108 484 1186; x_wconf 83' lang='lat' dir='ltr'><strong>a)</strong></span> <span class='ocrx_word' id='word_1_49' title='bbox 592 1099 965 1171; x_wconf 84' lang='lat' dir='ltr'><strong>Canonicos</strong></span> <span class='ocrx_word' id='word_1_50' title='bbox 1035 1096 1908 1184; x_wconf 61' lang='lat' dir='ltr'><strong>Ecclesiae.2Cathed1-alis‚</strong></span> 
     </span>
     <span class='ocr_line' id='line_1_10' title="bbox 165 1221 1909 1317; baseline -0.003 -15"><span class='ocrx_word' id='word_1_51' title='bbox 165 1232 541 1302; x_wconf 86' lang='lat' dir='ltr'><strong>invitandos</strong></span> <span class='ocrx_word' id='word_1_52' title='bbox 611 1223 698 1296; x_wconf 87' lang='lat' dir='ltr'><strong>ad</strong></span> <span class='ocrx_word' id='word_1_53' title='bbox 763 1221 1112 1317; x_wconf 88' lang='lat' dir='ltr'><strong>Synodum</strong></span> <span class='ocrx_word' id='word_1_54' title='bbox 1187 1245 1370 1304; x_wconf 81' lang='lat' dir='ltr'><strong>esse,</strong></span> <span class='ocrx_word' id='word_1_55' title='bbox 1456 1228 1909 1303; x_wconf 78' lang='lat' dir='ltr'><strong>communiter</strong></span> 
     </span>
     <span class='ocr_line' id='line_1_11' title="bbox 165 1354 1908 1440; baseline -0.005 -12"><span class='ocrx_word' id='word_1_56' title='bbox 165 1360 442 1439; x_wconf 79' lang='lat' dir='ltr'><strong>docent3</strong></span> <span class='ocrx_word' id='word_1_57' title='bbox 520 1367 868 1438; x_wconf 82' lang='lat' dir='ltr'><strong>renuentes</strong></span> <span class='ocrx_word' id='word_1_58' title='bbox 912 1355 1062 1439; x_wconf 88' lang='lat' dir='ltr'>cogi</span> <span class='ocrx_word' id='word_1_59' title='bbox 1101 1368 1245 1415; x_wconf 89' lang='lat' dir='ltr'><strong>non</strong></span> <span class='ocrx_word' id='word_1_60' title='bbox 1291 1370 1526 1440; x_wconf 84' lang='lat' dir='ltr'><strong>posse,</strong></span> <span class='ocrx_word' id='word_1_61' title='bbox 1597 1354 1908 1440; x_wconf 81' lang='lat' dir='ltr'>nonnulli</span> 
     </span>
     <span class='ocr_line' id='line_1_12' title="bbox 160 1469 1911 1568; baseline -0.003 -16"><span class='ocrx_word' id='word_1_62' title='bbox 160 1483 469 1561; x_wconf 79' lang='lat' dir='ltr'><strong>tradunt,</strong></span> <span class='ocrx_word' id='word_1_63' title='bbox 535 1481 661 1548; x_wconf 86' lang='lat' dir='ltr'><strong>nisi</strong></span> <span class='ocrx_word' id='word_1_64' title='bbox 737 1473 1069 1568; x_wconf 82' lang='lat' dir='ltr'><strong>agendum</strong></span> <span class='ocrx_word' id='word_1_65' title='bbox 1133 1474 1306 1543; x_wconf 86' lang='lat' dir='ltr'><strong>foret</strong></span> <span class='ocrx_word' id='word_1_66' title='bbox 1358 1469 1430 1543; x_wconf 89' lang='lat' dir='ltr'><strong>in</strong></span> <span class='ocrx_word' id='word_1_67' title='bbox 1477 1476 1755 1568; x_wconf 80' lang='lat' dir='ltr'><strong>Synodo</strong></span> <span class='ocrx_word' id='word_1_68' title='bbox 1822 1477 1911 1547; x_wconf 81' lang='lat' dir='ltr'><strong>de</strong></span> 
     </span>
     <span class='ocr_line' id='line_1_13' title="bbox 159 1597 1903 1700; baseline -0.004 -21"><span class='ocrx_word' id='word_1_69' title='bbox 159 1608 442 1700; x_wconf 86' lang='lat' dir='ltr'><strong>negotiis</strong></span> <span class='ocrx_word' id='word_1_70' title='bbox 487 1601 573 1672; x_wconf 86' lang='lat' dir='ltr'><strong>ad</strong></span> <span class='ocrx_word' id='word_1_71' title='bbox 617 1600 744 1671; x_wconf 87' lang='lat' dir='ltr'><strong>Eos</strong></span> <span class='ocrx_word' id='word_1_72' title='bbox 789 1597 1315 1695; x_wconf 79' lang='lat' dir='ltr'><strong>pertinentibus,</strong></span> <span class='ocrx_word' id='word_1_73' title='bbox 1370 1597 1482 1669; x_wconf 85' lang='lat' dir='ltr'><strong>vel</strong></span> <span class='ocrx_word' id='word_1_74' title='bbox 1528 1600 1615 1670; x_wconf 83' lang='lat' dir='ltr'><strong>de</strong></span> <span class='ocrx_word' id='word_1_75' title='bbox 1658 1603 1903 1685; x_wconf 59' lang='lat' dir='ltr'><strong>nebus,</strong></span> 
     </span>
     <span class='ocr_line' id='line_1_14' title="bbox 161 1724 1908 1820; baseline -0.002 -19"><span class='ocrx_word' id='word_1_76' title='bbox 161 1732 231 1800; x_wconf 91' lang='lat' dir='ltr'><strong>in</strong></span> <span class='ocrx_word' id='word_1_77' title='bbox 277 1730 513 1820; x_wconf 88' lang='lat' dir='ltr'><strong>qvibus</strong></span> <span class='ocrx_word' id='word_1_78' title='bbox 558 1731 640 1796; x_wconf 83' lang='lat' dir='ltr'><strong>ab</strong></span> <span class='ocrx_word' id='word_1_79' title='bbox 689 1725 1023 1819; x_wconf 84' lang='lat' dir='ltr'>Episcopo</span> <span class='ocrx_word' id='word_1_80' title='bbox 1071 1727 1421 1793; x_wconf 83' lang='lat' dir='ltr'><strong>consilium</strong></span> <span class='ocrx_word' id='word_1_81' title='bbox 1465 1724 1762 1816; x_wconf 77' lang='lat' dir='ltr'>Capituli</span> <span class='ocrx_word' id='word_1_82' title='bbox 1809 1745 1908 1803; x_wconf 81' lang='lat' dir='ltr'><strong>est</strong></span> 
     </span>
     <span class='ocr_line' id='line_1_15' title="bbox 159 1847 1907 1946; baseline -0.002 -20"><span class='ocrx_word' id='word_1_83' title='bbox 159 1850 655 1946; x_wconf 85' lang='lat' dir='ltr'><strong>reqvirendum.</strong></span> <span class='ocrx_word' id='word_1_84' title='bbox 749 1853 838 1919; x_wconf 88' lang='lat' dir='ltr'><strong>At</strong></span> <span class='ocrx_word' id='word_1_85' title='bbox 907 1847 1120 1941; x_wconf 84' lang='lat' dir='ltr'><strong>magis</strong></span> <span class='ocrx_word' id='word_1_86' title='bbox 1187 1867 1453 1943; x_wconf 83' lang='lat' dir='ltr'><strong>recepta</strong></span> <span class='ocrx_word' id='word_1_87' title='bbox 1501 1866 1597 1919; x_wconf 90' lang='lat' dir='ltr'><strong>est</strong></span> <span class='ocrx_word' id='word_1_88' title='bbox 1642 1865 1907 1923; x_wconf 82' lang='lat' dir='ltr'><strong>senten-</strong></span> 
     </span>
     <span class='ocr_line' id='line_1_16' title="bbox 158 1972 1906 2067; baseline -0.002 -16"><span class='ocrx_word' id='word_1_89' title='bbox 158 1980 291 2061; x_wconf 81' lang='lat' dir='ltr'><strong>tia,</strong></span> <span class='ocrx_word' id='word_1_90' title='bbox 338 1984 567 2049; x_wconf 88' lang='lat' dir='ltr'><strong>volens</strong></span> <span class='ocrx_word' id='word_1_91' title='bbox 595 2023 616 2057; x_wconf 83' lang='lat'>‚</span> <span class='ocrx_word' id='word_1_92' title='bbox 686 1972 1010 2067; x_wconf 83' lang='lat' dir='ltr'>obstringi</span> <span class='ocrx_word' id='word_1_93' title='bbox 1054 1976 1428 2064; x_wconf 84' lang='lat' dir='ltr'><strong>Canonicos</strong></span> <span class='ocrx_word' id='word_1_94' title='bbox 1475 1977 1906 2055; x_wconf 73' lang='lat' dir='ltr'><strong>Cathodrales</strong></span> 
     </span>
     <span class='ocr_line' id='line_1_17' title="bbox 159 2097 1909 2208; baseline -0.005 -33"><span class='ocrx_word' id='word_1_95' title='bbox 159 2103 245 2176; x_wconf 85' lang='lat' dir='ltr'><strong>ad</strong></span> <span class='ocrx_word' id='word_1_96' title='bbox 290 2097 810 2196; x_wconf 86' lang='lat' dir='ltr'><strong>comparendum</strong></span> <span class='ocrx_word' id='word_1_97' title='bbox 855 2102 1087 2168; x_wconf 84' lang='lat' dir='ltr'><strong>saltem</strong></span> <span class='ocrx_word' id='word_1_98' title='bbox 1131 2120 1254 2189; x_wconf 83' lang='lat' dir='ltr'><strong>per</strong></span> <span class='ocrx_word' id='word_1_99' title='bbox 1297 2097 1623 2187; x_wconf 82' lang='lat' dir='ltr'><strong>qvosdam</strong></span> <span class='ocrx_word' id='word_1_100' title='bbox 1674 2126 1712 2173; x_wconf 82' lang='lat' dir='ltr'><strong>e</strong></span> <span class='ocrx_word' id='word_1_101' title='bbox 1756 2125 1909 2208; x_wconf 61' lang='lat' dir='ltr'><strong>gree</strong></span> 
     </span>
     <span class='ocr_line' id='line_1_18' title="bbox 157 2218 1904 2323; baseline 0.001 -23"><span class='ocrx_word' id='word_1_102' title='bbox 157 2230 297 2300; x_wconf 88' lang='lat' dir='ltr'><strong>mio</strong></span> <span class='ocrx_word' id='word_1_103' title='bbox 342 2231 439 2296; x_wconf 91' lang='lat' dir='ltr'><strong>sui</strong></span> <span class='ocrx_word' id='word_1_104' title='bbox 486 2228 858 2323; x_wconf 80' lang='lat' dir='ltr'><strong>deputatos,</strong></span> <span class='ocrx_word' id='word_1_105' title='bbox 947 2226 1085 2294; x_wconf 86' lang='lat' dir='ltr'><strong>Alii</strong></span> <span class='ocrx_word' id='word_1_106' title='bbox 1142 2218 1476 2295; x_wconf 72' lang='lat' dir='ltr'><strong>Ecclesiae</strong></span> <span class='ocrx_word' id='word_1_107' title='bbox 1537 2224 1904 2303; x_wconf 77' lang='lat' dir='ltr'><strong>cathedr-a</strong></span> 
     </span>
    </p>

    <p class='ocr_par' dir='ltr' id='par_1_4' title="bbox 155 2347 1918 3089">
     <span class='ocr_line' id='line_1_19' title="bbox 155 2347 1902 2448; baseline 0.001 -24"><span class='ocrx_word' id='word_1_108' title='bbox 155 2354 235 2424; x_wconf 91' lang='lat' dir='ltr'><strong>lis</strong></span> <span class='ocrx_word' id='word_1_109' title='bbox 301 2350 723 2422; x_wconf 81' lang='lat' dir='ltr'><strong>Beneficiarii</strong></span> <span class='ocrx_word' id='word_1_110' title='bbox 781 2375 918 2421; x_wconf 92' lang='lat' dir='ltr'><strong>non</strong></span> <span class='ocrx_word' id='word_1_111' title='bbox 969 2347 1348 2430; x_wconf 78' lang='lat' dir='ltr'><strong>canonici,</strong></span> <span class='ocrx_word' id='word_1_112' title='bbox 1419 2350 1504 2422; x_wconf 86' lang='lat' dir='ltr'><strong>ab</strong></span> <span class='ocrx_word' id='word_1_113' title='bbox 1568 2349 1902 2448; x_wconf 82' lang='lat' dir='ltr'><strong>Episcopo</strong></span> 
     </span>
     <span class='ocr_line' id='line_1_20' title="bbox 157 2474 1900 2571; baseline 0 -21"><span class='ocrx_word' id='word_1_114' title='bbox 157 2484 381 2550; x_wconf 87' lang='lat' dir='ltr'><strong>vocari</strong></span> <span class='ocrx_word' id='word_1_115' title='bbox 438 2493 780 2571; x_wconf 82' lang='lat' dir='ltr'><strong>possunt,</strong></span> <span class='ocrx_word' id='word_1_116' title='bbox 829 2501 906 2547; x_wconf 83' lang='lat' dir='ltr'><strong>ac</strong></span> <span class='ocrx_word' id='word_1_117' title='bbox 955 2474 1196 2547; x_wconf 86' lang='lat' dir='ltr'><strong>debent</strong></span> <span class='ocrx_word' id='word_1_118' title='bbox 1236 2477 1592 2560; x_wconf 83' lang='lat' dir='ltr'><strong>interesse,</strong></span> <span class='ocrx_word' id='word_1_119' title='bbox 1662 2502 1900 2550; x_wconf 85' lang='lat' dir='ltr'><strong>verum</strong></span> 
     </span>
     <span class='ocr_line' id='line_1_21' title="bbox 158 2602 1901 2695; baseline 0.001 -19"><span class='ocrx_word' id='word_1_120' title='bbox 158 2623 280 2676; x_wconf 87' lang='lat' dir='ltr'><strong>ceu</strong></span> <span class='ocrx_word' id='word_1_121' title='bbox 322 2605 605 2695; x_wconf 86' lang='lat' dir='ltr'><strong>singuli,</strong></span> <span class='ocrx_word' id='word_1_122' title='bbox 663 2624 798 2670; x_wconf 90' lang='lat' dir='ltr'><strong>non</strong></span> <span class='ocrx_word' id='word_1_123' title='bbox 846 2620 1184 2692; x_wconf 80' lang='lat' dir='ltr'><strong>tamqvam</strong></span> <span class='ocrx_word' id='word_1_124' title='bbox 1226 2602 1612 2695; x_wconf 86' lang='lat' dir='ltr'><strong>Collegium</strong></span> <span class='ocrx_word' id='word_1_125' title='bbox 1649 2607 1901 2676; x_wconf 85' lang='lat' dir='ltr'><strong>consti·</strong></span> 
     </span>
     <span class='ocr_line' id='line_1_22' title="bbox 158 2708 1900 2827; baseline -0.007 -28"><span class='ocrx_word' id='word_1_126' title='bbox 158 2712 436 2827; x_wconf 85' lang='lat' dir='ltr'><strong>tuentes.</strong></span> <span class='ocrx_word' id='word_1_127' title='bbox 490 2729 567 2814; x_wconf 91' lang='lat' dir='ltr'><strong>b)</strong></span> <span class='ocrx_word' id='word_1_128' title='bbox 659 2728 860 2796; x_wconf 83' lang='lat' dir='ltr'><strong>Ratio</strong></span> <span class='ocrx_word' id='word_1_129' title='bbox 892 2776 915 2811; x_wconf 84' lang='lat'>‚</span> <span class='ocrx_word' id='word_1_130' title='bbox 986 2751 1156 2824; x_wconf 74' lang='lat' dir='ltr'><strong>qvae</strong></span> <span class='ocrx_word' id='word_1_131' title='bbox 1197 2708 1900 2811; x_wconf 52' lang='lat' dir='ltr'><strong>Cathedrales-Canos</strong></span> 
     </span>
     <span class='ocr_line' id='line_1_23' title="bbox 157 2848 1918 2951; baseline 0.002 -27"><span class='ocrx_word' id='word_1_132' title='bbox 157 2857 345 2924; x_wconf 84' lang='lat' dir='ltr'><strong>nicos</strong></span> <span class='ocrx_word' id='word_1_133' title='bbox 403 2848 488 2920; x_wconf 83' lang='lat' dir='ltr'><strong>ad</strong></span> <span class='ocrx_word' id='word_1_134' title='bbox 539 2854 884 2946; x_wconf 80' lang='lat' dir='ltr'><strong>synodum</strong></span> <span class='ocrx_word' id='word_1_135' title='bbox 946 2856 1294 2945; x_wconf 81' lang='lat' dir='ltr'><strong>compellit</strong></span> <span class='ocrx_word' id='word_1_136' title='bbox 1315 2900 1347 2937; x_wconf 81' lang='grc'><strong>.,</strong></span> <span class='ocrx_word' id='word_1_137' title='bbox 1422 2854 1624 2926; x_wconf 79' lang='lat' dir='ltr'><strong>’etiam</strong></span> <span class='ocrx_word' id='word_1_138' title='bbox 1670 2859 1918 2951; x_wconf 47' lang='lat' dir='ltr'><strong>Colle-g</strong></span> 
     </span>
     <span class='ocr_line' id='line_1_24' title="bbox 159 2977 1898 3089; baseline 0.002 -43"><span class='ocrx_word' id='word_1_139' title='bbox 159 2981 352 3071; x_wconf 81' lang='lat' dir='ltr'><strong>giatis</strong></span> <span class='ocrx_word' id='word_1_140' title='bbox 418 2977 702 3068; x_wconf 86' lang='lat' dir='ltr'><strong>imponit</strong></span> <span class='ocrx_word' id='word_1_141' title='bbox 763 2979 930 3089; x_wconf 70' lang='lat' dir='ltr'><strong>hanc</strong></span> <span class='ocrx_word' id='word_1_142' title='bbox 1015 2985 1500 3050; x_wconf 83' lang='lat' dir='ltr'><strong>necessitatem.</strong></span> <span class='ocrx_word' id='word_1_143' title='bbox 1623 2980 1898 3073; x_wconf 83' lang='lat' dir='ltr'><strong>Qvodsi</strong></span> 
     </span>
    </p>

    <p class='ocr_par' dir='ltr' id='par_1_5' title="bbox 1696 3125 1807 3179">
     <span class='ocr_line' id='line_1_25' title="bbox 1696 3125 1807 3179; baseline -0.027 0"><span class='ocrx_word' id='word_1_144' title='bbox 1696 3125 1807 3179; x_wconf 77' lang='lat' dir='ltr'><strong>au·-</strong></span> 
     </span>
    </p>
   </div>
   <div class='ocr_carea' id='block_1_3' title="bbox 228 3268 1896 3373">
    <p class='ocr_par' dir='ltr' id='par_1_6' title="bbox 228 3268 1896 3373">
     <span class='ocr_line' id='line_1_26' title="bbox 228 3268 1896 3373; baseline 0.007 -21"><span class='ocrx_word' id='word_1_145' title='bbox 228 3293 294 3365; x_wconf 68' lang='grc' dir='ltr'><strong>π)</strong></span> <span class='ocrx_word' id='word_1_146' title='bbox 319 3293 432 3368; x_wconf 74' lang='grc' dir='ltr'><strong>ΑΡ.</strong></span> <span class='ocrx_word' id='word_1_147' title='bbox 457 3268 696 3356; x_wconf 64' lang='lat' dir='ltr'><strong>Gratim.</strong></span> <span class='ocrx_word' id='word_1_148' title='bbox 741 3314 861 3358; x_wconf 83' lang='lat' dir='ltr'><strong>can.</strong></span> <span class='ocrx_word' id='word_1_149' title='bbox 889 3300 978 3359; x_wconf 80' lang='lat'><strong>26.</strong></span> <span class='ocrx_word' id='word_1_150' title='bbox 1005 3291 1128 3360; x_wconf 85' lang='lat' dir='ltr'><strong>dist.</strong></span> <span class='ocrx_word' id='word_1_151' title='bbox 1156 3295 1374 3363; x_wconf 76' lang='lat' dir='ltr'>XCIIL</span> <span class='ocrx_word' id='word_1_152' title='bbox 1445 3301 1509 3373; x_wconf 68' lang='lat' dir='ltr'><strong>a)</strong></span> <span class='ocrx_word' id='word_1_153' title='bbox 1547 3300 1684 3365; x_wconf 79' lang='lat' dir='ltr'><strong>Ben.</strong></span> <span class='ocrx_word' id='word_1_154' title='bbox 1724 3295 1896 3364; x_wconf 81' lang='lat' dir='ltr'><strong>xlv.</strong></span> 
     </span>
    </p>
   </div>
   <div class='ocr_carea' id='block_1_4' title="bbox 207 3401 1893 3589">
    <p class='ocr_par' dir='ltr' id='par_1_7' title="bbox 207 3401 1893 3589">
     <span class='ocr_line' id='line_1_27' title="bbox 207 3401 1893 3484; baseline 0.007 -23"><span class='ocrx_word' id='word_1_155' title='bbox 207 3419 210 3421; x_wconf 80' lang='grc'><strong><em>’</em></strong></span> <span class='ocrx_word' id='word_1_156' title='bbox 304 3401 398 3464; x_wconf 80' lang='lat' dir='ltr'><strong>cit:</strong></span> <span class='ocrx_word' id='word_1_157' title='bbox 441 3424 532 3480; x_wconf 86' lang='lat' dir='ltr'><strong>op.</strong></span> <span class='ocrx_word' id='word_1_158' title='bbox 572 3405 678 3469; x_wconf 76' lang='lat' dir='ltr'><strong>lib.</strong></span> <span class='ocrx_word' id='word_1_159' title='bbox 716 3409 823 3469; x_wconf 86' lang='lat'>111.</span> <span class='ocrx_word' id='word_1_160' title='bbox 864 3427 979 3481; x_wconf 80' lang='lat' dir='ltr'><strong>cap.</strong></span> <span class='ocrx_word' id='word_1_161' title='bbox 1026 3424 1079 3480; x_wconf 82' lang='lat'><strong>3.</strong></span> <span class='ocrx_word' id='word_1_162' title='bbox 1119 3429 1274 3484; x_wconf 69' lang='lat' dir='ltr'><strong>num.</strong></span> <span class='ocrx_word' id='word_1_163' title='bbox 1307 3427 1392 3470; x_wconf 81' lang='grc' dir='ltr'><strong>ιο.</strong></span> <span class='ocrx_word' id='word_1_164' title='bbox 1461 3413 1541 3484; x_wconf 77' lang='lat' dir='ltr'><strong>b)</strong></span> <span class='ocrx_word' id='word_1_165' title='bbox 1572 3416 1734 3475; x_wconf 85' lang='lat' dir='ltr'><strong>Idem</strong></span> <span class='ocrx_word' id='word_1_166' title='bbox 1764 3410 1893 3474; x_wconf 75' lang='lat' dir='ltr'><strong>eod.</strong></span> 
     </span>
     <span class='ocr_line' id='line_1_28' title="bbox 306 3512 984 3589; baseline 0 -16"><span class='ocrx_word' id='word_1_167' title='bbox 306 3512 406 3575; x_wconf 84' lang='lat' dir='ltr'><strong>lib.</strong></span> <span class='ocrx_word' id='word_1_168' title='bbox 437 3512 560 3589; x_wconf 68' lang='lat' dir='ltr'><strong>cap.</strong></span> <span class='ocrx_word' id='word_1_169' title='bbox 579 3527 638 3584; x_wconf 80' lang='grc'><strong>4.</strong></span> <span class='ocrx_word' id='word_1_170' title='bbox 666 3529 816 3575; x_wconf 88' lang='lat' dir='ltr'><strong>num.</strong></span> <span class='ocrx_word' id='word_1_171' title='bbox 849 3532 902 3581; x_wconf 74' lang='grc' dir='ltr'><strong>α.</strong></span> <span class='ocrx_word' id='word_1_172' title='bbox 927 3527 984 3583; x_wconf 86' lang='grc'><strong>4.</strong></span> 
     </span>
    </p>
   </div>
  </div>
 </body>
</html>
