1930 3828
157 281 284 360 306
904 284 1157 314 ········

155 461 234 529 Id
279 455 460 545 qvod
486 433 931 519 Werb'oczius
961 456 1189 519 noster
1221 449 1448 521 docuit
1477 447 1683 538 Trip;
1720 447 1930 539 parte

159 600 215 650 1.
263 581 365 645 tit.
427 594 526 646 10.
581 591 646 643 et
699 592 801 644 ιι.
847 554 1370 665 supponuntqve
1410 576 1636 666 plures
1679 571 1911 670 Comi·

156 700 963 794 tiorum-‘Hungaricorum
992 699 1205 789 Leges
1225 745 1248 780 ,
1296 716 1478 787 qvae·
1500 695 1910 775 desiderant,

151 827 377 896 Bullas
441 825 966 892 confirmatorias
1014 826 1260 913 absqve
1308 826 1654 929 solutione,
1683 820 1915 906 Anna·

150 967 407 1030 tarum,
467 947 815 1039 Episcopis
862 951 1267 1017 nostratibus
1300 948 1525 1018 Roma
1574 948 1915 1016 transmit-

151 1077 230 1145 ti.
280 1076 344 1160 t)
434 1074 907 1141 postulationis
953 1074 1139 1164 apud
1181 1097 1304 1143 nos
1348 1073 1472 1142 hac
1506 1086 1762 1153 aetate,
1807 1094 1915 1140 so·

151 1202 295 1268 lum
342 1220 589 1266 nomen
619 1246 641 1279 ,
714 1222 752 1266 e
810 1184 1286 1268 vetustioribus
1348 1197 1771 1266 documentis
1817 1214 1920 1267 est

153 1312 408 1391 notum.
441 1321 525 1406 u)
590 1322 862 1390 Annutu
895 1323 1289 1392 pontificis
1268 1347 1339 1393 m
1364 1323 1914 1436 resignationem,

153 1450 263 1514 vel
312 1447 682 1514 cessionem
724 1448 1202 1540 Episcopatus,
1269 1446 1472 1515 debet
1531 1470 1675 1516 esse
1729 1449 1919 1540 prior

154 1586 431 1638 annutus
457 1569 715 1661 Regis,
764 1593 798 1638 a
846 1583 980 1661 qvo
1029 1574 1306 1643 collatus
1342 1570 1494 1665 fuit.
1586 1571 1777 1642 Idem
1816 1570 1921 1639 fo-

1499 1698 1506 1708 “
1726 1708 1829 1767 ret
1892 1723 1898 1732 ¹

231 1836 283 1907 t)
324 1837 515 1898 Fuisse
549 1851 828 1915 tempora,
872 1840 1079 1918 qvibus
1115 1832 1748 1918 Pontifex'Romanus,‘
1782 1841 1922 1919 Epi·

304 1962 502 2020 scopos
533 1947 807 2008 Ecclesiae
836 1949 1192 2030 Hungaricae
1220 1932 1387 2015 dabat
1405 1999 1420 2028 ,
1455 1953 1753 2019 evidenter
1788 1970 1920 2027 pro-

314 2057 409 2117 bat
436 2054 587 2118 Hist.
621 2059 768 2118 Eecl.
796 2061 870 2119 R.
905 2062 985 2120 H.
1015 2061 1289 2123 Amoenit.
1321 2053 1768 2155 xfasciculusVI.
1832 2064 1930 2121 De

307 2186 420 2244 qvo
470 2165 609 2227 mihi
651 2166 779 2230 talia
820 2168 1098 2229 scribebat
1136 2166 1226 2232 dic
1268 2187 1323 2246 7.
1349 2175 1508 2238 Nov.
1545 2182 1707 2239 1800.
1779 2171 1920 2233 RR.

298 2275 418 2349 ¹Vir
444 2274 711 2352 Iosephus
742 2281 936 2342 Kollcr
972 2279 1197 2362 Qvinq.
1234 2280 1487 2378 capituti*
1508 2284 1747 2346 Lector.
1785 2285 1923 2354 „A-

310 2386 673 2459 „mocnitates
718 2389 871 2449 illico
914 2389 1151 2452 diversis
1191 2389 1329 2452 locis
1369 2397 1609 2479 lustrare
1630 2386 1825 2465 coepi,
1864 2398 1923 2450 et

309 2499 562 2574 „absqve
591 2501 720 2558 fuco
750 2504 1046 2572 confiteor,
1084 2520 1173 2561 me
1202 2517 1458 2577 magnam
1490 2497 1621 2566 inde
1654 2488 1919 2575 volupta-

308 2619 459 2678 „tem
501 2607 744 2683 cepisse,
783 2629 971 2688 neqve
1014 2609 1074 2671 in
1114 2609 1360 2688 aliqvid,
1415 2609 1507 2672 cui
1535 2591 1922 2682 nonlibentssr

313 2723 629 2788 „calculum
660 2717 988 2790 adiicerem‚
1030 2718 1314 2794 incidisse.
1379 2717 1737 2791 Praesertim,
1778 2735 1924 2796 qvae

318 2829 427 2900 „de
459 2831 588 2887 Iure
620 2830 943 2910 Ifatronatus
974 2826 1265 2905 dicuntur,
1302 2827 1575 2907 probavi,
1627 2835 1797 2906 atqve
1836 2824 1926 2887 in-

315 2935 637 3019 „trcpidum
686 2942 976 3000 candorem
998 2987 1015 3015 ,
1052 2939 1112 3003 in
1150 2940 1388 3001 veritate
1429 2958 1460 2999 a
1506 2911 1663 3001 nullo
1694 2950 1926 3000 nostro-

217 3035 223 3041 ’
295 3067 482 3119 ,.,,ι·υιῐι
508 3048 772 3108 hactenus
805 3049 1053 3127 prodita,
1092 3050 1270 3113 libere
1306 3047 1654 3128 evulganda,
1692 3047 1930 3115 admira·

318 3168 444 3229 „tus
489 3175 628 3215 sum.
717 3157 950 3218 Utinam
993 3159 1088 3221 alii
1121 3180 1353 3239 qvoqve
1393 3173 1696 3238 seqvantur
1732 3177 1927 3238 exem7

314 3271 538 3339 „plumz
579 3280 633 3327 et
659 3266 783 3342 ipsa
813 3273 884 3329 A.
910 3269 987 3329 R.
1015 3273 1089 3330 D.
1123 3273 1363 3346 Vestra,
1404 3269 1537 3333 alias
1567 3289 1797 3349 qvoqve
1815 3269 1926 3330 Hi·

320 3375 564 3451 „storiae
606 3377 814 3452 patriae
853 3395 1067 3456 partes,
1107 3384 1301 3441 eadem
1345 3377 1691 3452 eruditione,
1732 3374 1930 3438 solidi-

322 3495 473 3558 „tate
504 3531 522 3559 ,
573 3486 824 3548 libertate
874 3503 1187 3563 pertractet.
1217 3491 1256 3520 ‘⁴
1343 3490 1413 3562 u)
1440 3492 1598 3568 Lege
1639 3475 1930 3549 memorati

163 3604 205 3666 31„
321 3592 572 3656 (ιςοίωῐί
610 3599 719 3658 VI.
757 3618 912 3665 num.
944 3604 993 3662 Ι.
1031 3606 1075 3675 §.
1107 3617 1163 3675 3.
1189 3614 1244 3672 4.
1284 3613 1340 3663 et
1370 3598 1523 3670 alias.
1580 3619 1585 3625 ·
1684 3621 1703 3626 ··
