1930 3828
106 265 231 320 540
851 260 1096 321 ἐξ

101 424 234 514 psit
283 420 588 487 Gelasius
623 419 940 487 Pontifex
987 444 1160 487 anno
1207 434 1359 507 494.
1408 421 1473 503 t)
1514 426 1518 430 ’
1566 421 1843 491 Nostras

103 567 364 634 qvoqve
447 545 755 636 synodus
784 592 806 623 ‚
884 568 923 611 a
980 546 1342 612 Laure'ntio
1408 547 1848 637 strigoniensi

100 670 676 760 Archiepiscopo‚
748 669 834 736 ad
895 695 1047 737 ann.
1117 670 1368 739 Christi
1436 687 1625 742 1114.
1676 674 1850 739 cele·

101 796 284 862 br‘ata
317 842 338 874 ‚
410 795 539 862 hoc
600 813 802 887 pacto
849 796 1283 864 decernebat:
1351 793 1735 891 Episcopus
1784 801 1845 866 si
1928 888 1930 890 Ι

100 937 236 986 tres
303 904 539 1014 partes
600 918 680 991 dc
724 899 1069 1015 acquisitis
1089 974 1107 1007 ‚
1177 918 1275 992 ad
1314 918 1671 991 utilitatem
1717 921 1850 991 Ec-

100 1044 340 1115 clesiae
365 1043 667 1132 fideliter
711 1044 1016 1117 intulisse
1058 1043 1365 1116 videatur
1389 1094 1412 1127 ‚
1474 1044 1629 1116 licet
1669 1051 1728 1116 ei
1770 1070 1847 1115 a-

42 1259 46 1264 *
94 1195 251 1263 gere
297 1168 377 1242 de
420 1190 701 1267 quarta,
740 1169 917 1267 qvod
954 1156 1257 1242 uoluerit.
1307 1173 1374 1258 u)
1466 1173 1851 1240 Concilium

48 1271 49 1276 ἵ
103 1298 548 1371 Lateranense
597 1296 708 1362 111.
758 1320 933 1365 anno
975 1309 1163 1382 1179.
1206 1299 1650 1375 celebratum,
1695 1320 1850 1364 ana·

100 1423 391 1489 themate
434 1419 584 1486 ferit
634 1421 886 1498 laicos,
960 1425 1072 1509 qvi
1125 1445 1329 1490 onera
1373 1445 1487 1489 sua
1528 1421 1668 1488 fere
1708 1423 1852 1488 uni-

99 1569 290 1613 versa
353 1552 711 1636 imponunt
773 1546 1082 1616 Ecclesiis
1116 1595 1139 1627 ‚
1218 1565 1283 1617 et
1336 1549 1668 1637 qvaelibet
1712 1548 1851 1614 sibi
1890 1532 1905 1546 ’

99 1674 502 1739 arbitrantur
535 1672 831 1763 agoada,
874 1669 955 1739 de
986 1673 1201 1742 Bonis
1234 1671 1692 1747 Ecclesiam
1713 1722 1734 1752 ,
1787 1656 1865 1740 et·

94 1823 463 1892 pauperum
509 1790 765 1868 Christi
819 1795 1047 1873 usibus
1091 1797 1448 1896 degutatis.
1493 1799 1576 1880 v)
1669 1796 1855 1886 Qva-
1923 1859 1930 1869 .

99 1938 378 2014 propter
423 1923 801 1991 Concilium
854 1922 1334 1992 Tridentinum
1390 1922 1851 2013 praecipiebat

103 2045 488 2138 EpiscopiS‚
560 2071 644 2115 ne
692 2069 777 2115 ex
824 2048 1144 2116 reditibus
1191 2048 1531 2117 Ecclesiae
1575 2069 1851 2116 consan-

101 2175 376 2261 gvineos
442 2172 934 2258 familia-resqve
996 2197 1144 2240 suos
1209 2196 1448 2265 augere
1495 2173 1851 2252 studeant,

102 2322 254 2363 cum
304 2313 369 2365 et
414 2297 903 2386 Apostolorum
952 2299 1104 2384 (ita
1151 2298 1301 2383 illi)
1340 2299 1651 2380 Canones
1695 2319 1853 2386 pro·

96 2424 367 2492 hibeant
398 2469 420 2502 ‚
467 2449 546 2491 nc
579 2447 685 2491 res
710 2419 1275 2508 Ecclesiasticus,
1323 2448 1487 2519 qvae
1514 2422 1649 2493 Dei
1673 2416 1854 2508 suat,

99 2552 604 2641 consanguineis
650 2545 935 2634 donent,
1008 2546 1131 2618 sed
1190 2554 1253 2619 si
1302 2573 1638 2646 pauperes
1685 2551 1854 2631 sint,

99 2675 182 2743 iis
207 2726 225 2761 ‚
270 2693 343 2742 ut
367 2669 777 2773 pauperibus
811 2670 1267 2759 distribuant3
1311 2698 1428 2746 eas
1463 2690 1686 2745 autem
1721 2697 1854 2743 non

1663 2794 1764 2870 di·

172 3034 233 3102 t)
285 3030 435 3092 Ibid.
489 3051 612 3092 can.
665 3035 756 3093 26.
791 3046 847 3094 et
883 3052 972 3108 27.
1047 3038 1125 3107 u)
1167 3039 1306 3111 cap.
1350 3050 1436 3096 ια.
1475 3045 1571 3106 ap.
1610 3035 1852 3117 Peterffy

242 3143 321 3200 T.
357 3144 404 3201 1.
443 3147 623 3204 Cone.
662 3146 860 3223 Hung.
901 3164 1026 3222 pag.
1064 3148 1157 3218 56.
1233 3155 1339 3220 Ap.
1379 3147 1519 3222 Pray
1562 3141 1624 3203 in
1660 3141 1855 3204 diatri-

241 3253 314 3311 be
366 3253 437 3312 ad
484 3253 699 3315 dissert.
753 3258 823 3316 de
861 3258 918 3318 S.
961 3254 1223 3318 Ladislao
1260 3273 1316 3330 p.
1356 3265 1482 3321 214.
1522 3272 1624 3330 ap.
1665 3258 1855 3315 Keller

247 3362 309 3422 in
359 3359 492 3428 hist.
534 3366 677 3439 Epp.
717 3363 980 3444 Qvinqv.
1018 3368 1096 3427 T.
1137 3370 1185 3425 Ι.
1224 3384 1347 3442 pag.
1384 3373 1513 3437 383.
1586 3366 1666 3435 v)
1707 3368 1852 3425 Can.

249 3488 333 3544 19.
387 3471 488 3551 qvi
538 3471 743 3551 legitur
792 3475 852 3536 in
902 3474 1242 3537 Decretalib.
1281 3478 1446 3550 Greg.
1486 3475 1591 3533 1X.·
1629 3493 1754 3549 cap.
1791 3484 1850 3538 4.

249 3587 314 3643 dc
355 3585 586 3646 immun.
627 3584 1001 3647 Ecclesiarum
1037 3598 1141 3647 etc·
