1930 3828
152 226 279 299 660
726 253 729 257 ⁵
906 206 1153 267 -ἥ

142 406 311 480 rint3
363 397 439 482 c)
498 400 804 484 qvamvis
871 396 1346 471 defensantem
1377 426 1502 474 nos
1545 407 1903 479 habeamus

139 527 429 619 patriam
488 527 747 615 legem:
817 550 987 615 qvae
1046 552 1184 611 non
1242 530 1580 623 hdprobat
1626 514 1900 617 onmia,

139 674 545 740 qvamqvam
607 650 720 717 illa
766 653 1080 742 gravibus
1127 654 1213 722 de
1259 661 1470 724 causis
1518 632 1757 728 debeat
1797 676 1903 728 to-

134 781 367 847 lerare.
461 778 608 844 Imo
657 800 874 865 neqve
920 779 993 845 id
1038 793 1304 864 totum,
1350 784 1536 872 qvod
1582 783 1671 853 de
1704 786 1900 861 testa-‘

135 891 379 972 mentis
429 906 498 972 in
544 904 1015 972 Ecclesiastico
1061 906 1205 974 iure
1250 924 1570 979 statutum
1610 912 1898 1000 legitur,

133 1054 251 1125 suo
264 1032 617 1146 relinqvit
664 1033 841 1099 loco.
890 1030 972 1116 d)
1062 1034 1302 1123 Neqve
1347 1036 1464 1106 ina
1507 1040 1898 1130 praeceptio

134 1159 460 1226 canonica
495 1158 686 1230 valet
729 1158 841 1225 hic
888 1161 1242 1251 gentium,
1307 1184 1479 1250 qvae
1521 1177 1739 1231 ratum
1782 1163 1896 1231 ha·-

130 1287 245 1353 bet
306 1288 782 1351 testamentum
851 1284 1102 1371 absqve
1166 1289 1629 1370 restrictione,
1697 1289 1896 1379 qvod

131 1433 360 1476 coram
402 1407 546 1473 loci
589 1405 939 1490 Parocho,
988 1409 1383 1501 duobusqve
1426 1432 1766 1506 praeterea
1797 1430 1895 1483 te-

128 1536 336 1602 stibus
399 1531 751 1600 conditum
816 1531 971 1601 fuit.
1037 1536 1112 1616 e)
1205 1537 1570 1621 Enimvero
1616 1539 1729 1609 die
1779 1554 1892 1613 27.

127 1661 375 1728 mensis
411 1660 587 1726 Maii
627 1683 804 1728 anno
858 1674 1052 1734 1774.
1101 1665 1376 1754 speciali
1423 1665 1894 1734 mandatofu·

128 1804 265 1855 erat
309 1810 432 1876 per
473 1787 943 1876 Apostolicam
986 1788 1326 1878 Reginam
1357 1791 1463 1857 M.
1493 1787 1891 1870 Thea-esiam

126 1915 328 1985 Clero
381 1912 763 2002 Hungariae
812 1912 1325 1981 denunciatum:
1402 1915 1788 2011 parochis„
1826 1934 1891 1986 et

124 2038 551 2108 Beneficiatis
625 2036 855 2104 medio
920 2043 1306 2105 testamenti
1371 2039 1457 2109 de
1516 2043 1712 2110 rebus
1758 2045 1890 2112 suis

127 2161 536 2256 disponendi
623 2163 1005 2231 libertatem
1075 2164 1487 2236 illimitatam
1565 2165 1887 2252 manere3

130 2305 360 2357 atvero
409 2290 750 2358 Clericum
795 2312 908 2378 seu
954 2292 1360 2360 saecularem
1388 2341 1412 2375 ,
1474 2316 1588 2364 seu
1634 2300 1893 2385 regula-

1609 2446 1793 2504 rem,

194 2691 256 2764 c)
286 2688 448 2751 Pauli
474 2692 588 2750 10³.
623 2709 655 2750 a
680 2684 1887 2772 Rieggerlnstitut.Iurisprud.Eec1.par·

262 2814 318 2862 te
361 2820 416 2876 3.
456 2806 500 2875 S.
539 2817 670 2876 399.
710 2799 848 2861 edit.
872 2798 1089 2861 Vienn.
1130 2797 1262 2891 anni
1294 2807 1454 2873 1780.
1482 2802 1625 2863 Item
1656 2806 1885 2866 Ios.10·

267 2932 396 2973 ann.
434 2912 594 2987 ..Nep
620 2913 823 2972 Pehem
852 2914 1109 2973 Praelect.
1142 2910 1203 2971 in
1229 2910 1328 2976 Ius
1357 2913 1510 2976 Eccl.
1540 2912 1717 2974 Univ.
1752 2915 1886 2989 par-

266 3038 320 3084 te
357 3028 435 3085 11.
473 3029 521 3099 §-
559 3028 688 3098 367.
731 3027 839 3096 d)
881 3024 1191 3083 ”tenendus
1230 3033 1316 3083 est
1355 3042 1446 3097 ap.
1494 3041 1596 3084 nos
1639 3040 1744 3089 art.
1793 3043 1883 3101 27.

269 3150 430 3209 1715.
470 3138 617 3196 Item
659 3148 759 3195 art.
807 3149 891 3212 24.
941 3150 1095 3208 1729.
1147 3136 1443 3208 StatuenS‚
1484 3148 1590 3208 ut,
1627 3135 1676 3198 si
1711 3155 1883 3199 extra

263 3263 500 3322 regnum
526 3246 725 3323 Hunga
753 3247 1086 3305 conderetur
1122 3255 1336 3306 testam.
1370 3249 1592 3320 valeat,
1630 3230 1886 3327 dummo-

270 3359 345 3417 do
384 3358 594 3416 factum
635 3354 804 3417 fuerit
844 3352 1015 3417 iuxta
1071 3355 1382 3443 solemnit„
1411 3355 1498 3418 ibi
1555 3376 1884 3431 consvetas,

273 3469 624 3543 desuperqve
688 3464 1070 3528 testimonium
1141 3465 1346 3531 abinde
1410 3480 1734 3547 praestetur.
1820 3473 1885 3540 e)

275 3582 411 3652 Cap.
455 3582 541 3640 ιο.
579 3574 661 3638 de¹
684 3590 900 3641 testam.
1117 3620 1122 3625 -
1448 3592 1461 3621 >
