1930 3828
150 272 280 329 472
853 290 860 301 “
902 265 1154 305 ²²³²

153 439 298 522 giae
344 430 686 500 Maiestati
757 427 1045 494 demisse
1102 441 1653 516 repraesentetur.
1758 426 1905 494 Nee

152 572 373 622 tamen
447 554 754 641 qvemvis
824 552 1163 620 Ecclesiae
1230 547 1517 617 fundum
1584 555 1911 639 att-ingere

149 680 435 747 liberum
465 693 584 742 est.
648 677 1009 744 Enimvero
1040 695 1218 742 anno
1254 687 1448 762 1792.
1475 673 1588 743 die
1613 686 1723 745 27.
1751 675 1930 756 Iulii.

118 802 382 892 ‘medio
448 800 748 869 eiusdem
810 801 1073 870 Excelsi
1136 801 1478 893 Consilii,
1554 799 1906 891 praecepit

150 931 470 1022 Maiestas
517 927 774 1017 Regia,
840 949 925 994 ne
971 928 1109 995 ullo
1156 900 1277 995 sub
1320 937 1723 1018 praetextu,
1789 924 1908 990 sub

78 1084 80 1086 *
153 1069 355 1117 onere
425 1075 533 1118 ses
540 1075 611 1117 us
657 1049 1097 1139 praestandae
1145 1050 1546 1125 refusionis.
1618 1047 1911 1142 Deposi-

156 1180 403 1256 tanos,
447 1190 511 1243 et
552 1177 875 1278 respecti
858 1200 929 1243 e
972 1176 1331 1242 Curatores
1375 1196 1728 1250 mansuro,
1780 1174 1911 1240 Le-

151 1313 345 1387 gata,
414 1313 522 1367 aut
589 1298 1013 1367 fundationes
1073 1322 1200 1388 pro
1254 1267 1414 1365 dote
1458 1298 1908 1366 Ecclesiarum

152 1425 528 1493 destinatae
556 1472 578 1502 ‚
654 1430 818 1493 citra
881 1403 1260 1514 Benignum
1319 1421 1660 1494 indultum
1698 1422 1911 1513 Regi·

149 1572 305 1625 um,
355 1550 422 1616 in
467 1550 632 1616 alios
675 1572 824 1614 usus
858 1558 1350 1641 convertantur.
1442 1546 1495 1614 F
1501 1547 1910 1620 undamento

151 1689 375 1742 autem
425 1689 543 1742 art.
594 1687 700 1744 74.
755 1687 954 1751 1715.
993 1688 1058 1739 et
1105 1686 1225 1740 art.
1279 1683 1385 1742 70.
1438 1684 1633 1744 1⁷23.
1671 1674 1907 1743 condi-

151 1812 418 1878 torum,
484 1797 862 1888 Apostolici
925 1798 1134 1888 Regis
1204 1796 1414 1863 nostri
1473 1796 1695 1877 iussu,
1772 1812 1910 1868 tam

151 1944 326 1988 anno
408 1936 597 2007 1797.
648 1946 848 2011 qvam
893 1939 957 1990 et
1002 1946 1178 1992 anno
1230 1935 1421 1991 1801.
1468 1941 1910 2016 praeceptum

153 2061 298 2125 est,
349 2060 422 2117 ut'
467 2048 667 2114 status
714 2049 960 2126 activi,
1021 2060 1085 2113 et
1127 2050 1374 2136 passivi
1418 2045 1908 2132 Ecclesiarum‚

91 2160 94 2163 ’
152 2186 331 2236 certa
386 2170 958 2261 determinataqve
1003 2168 1328 2238 methodo
1379 2156 1653 2239 dedu‘oti
1683 2218 1707 2250 ‚
1756 2182 1909 2244 cum

148 2285 281 2360 fine
333 2298 682 2365 cuiuslibet
729 2302 880 2365 anni
930 2294 1285 2376 militariS,
1340 2296 1622 2366 Excelso
1668 2298 1910 2367 Consi-

149 2418 242 2489 lio
291 2419 893 2499 Locumtenentiali
940 2424 1321 2519 Huugarico
1387 2400 1909 2499 substernantur.

827 2619 1214 2710 §.CCLV.

590 2739 830 2821 Circa
882 2746 1143 2828 instit.
1191 2739 1473 2844 plebis,

329 2920 615 2989 Par-ochi
662 2941 1003 3015 praeterea
1049 2947 1290 2991 munus
1337 2938 1476 3000 est,
1528 2926 1718 2990 -ονος
1780 2925 1906 3005 sibl

155 3045 483 3123 creditas,
545 3050 863 3142 pascendi
911 3050 1415 3141 praedicatione
1457 3049 1663 3116 Verbi
1710 3051 1907 3116 Divi-

153 3171 249 3237 ni.
300 3171 367 3252 r)
457 3172 678 3263 Atqve
723 3175 937 3242 huius
948 3176 1368 3267 potissimum
1408 3171 1723 3240 audiendi
1762 3195 1915 3240 cau·

149 3316 259 3377 sa,
297 3296 898 3388 freqventationem
933 3299 1273 3369 Ecclesiae
1301 3295 1709 3369 parochialis
1746 3319 1904 3366 exo·

1630 3439 1822 3515 ptant

220 3561 283 3634 r)
324 3567 496 3629 Cone.
535 3563 702 3629 Trid.
741 3585 880 3629 sess.
917 3570 1140 3630 XXIII.
1180 3571 1250 3630 de
1287 3570 1391 3629 ref.
1431 3583 1553 3644 cap.
1594 3582 1645 3626 1.
