1930 3828
121 221 249 294 διε
876 236 1125 263 ··-·

877 264 1124 278 --α

117 401 468 478 Romana,
529 419 655 488 pro
684 377 1082 498 'relaxando
1128 399 1545 471 matrimonii
1590 403 1877 495 impedi-

120 539 391 603 mento,
440 524 624 611 qvod
669 542 952 614 propter
996 531 1337 619 primum,
1394 520 1877 598 etseoundum

121 649 505 728 affinitati5‚
572 652 683 718 vel
732 653 934 719 etiam
987 653 1361 730 secundum
1407 656 1879 744 consangvini-

121 778 277 843 tatis
343 776 585 866 gradus
640 777 918 858 existit,
995 781 1272 867 praevie
1317 780 1679 871 negotium*
1713 779 1884 846 refe-

118 919 300 971 ratur
346 902 690 968 Maiestati
739 902 1041 994 Regiae,
1092 922 1186 974 ·et
1215 935 1217 937 ·
1246 907 1332 973 ab
1377 906 1507 974 hac
1548 904 1885 972 indultum

118 1029 411 1097 faciendi
461 1049 763 1095 recursus
800 1033 1201 1100 obtineatur.
1295 1031 1882 1118 Hodiernus-,qvo-

121 1179 252 1243 qve
310 1154 466 1222 Rex
529 1170 756 1223 noster
799 1157 1189 1225 Francis-cus
1233 1161 1287 1225 Ι.
1336 1160 1436 1225 ius
1477 1158 1612 1226 hoc
1654 1155 1887 1234 suum,

122 1297 205 1370 ut·
241 1279 744 1360 manuteneret,
800 1282 1032 1351 medio
1093 1260 1357 1352 Excelsi
1423 1282 1711 1350 Consilii
1750 1280 1888 1348 'die

44 1418 48 1420 ’
125 1425 234 1480 25.
291 1423 484 1495 1794.
539 1409 901 1498 significari
948 1410 1164 1476 voluit
1209 1406 1656 1477 Ecclesiamm
1691 1405 1890 1473 Prae·

124 1535 413 1614 salibus,
488 1550 600 1611 ut,
667 1536 993 1623 qvoniam
1082 1530 1393 1604 nonnulli
1447 1534 1891 1624 ‘RegulareS,

124 1663 563 1752 subreptitie,
635 1676 699 1725 et
764 1662 928 1727 citra
991 1663 1332 1751 placetum
1392 1661 1700 1753 Regium·
1749 1658 1892 1726 Ro·

127 1807 397 1851 manam
445 1789 528 1854 ab
572 1786 834 1855 Ordine
882 1810 1000 1854 suo
1037 1788 1640 1876 -dispensationetfi'
1669 1803 1897 1853 couse-

127 1911 317 2010 qyruti
362 1927 621 1991 essent,
669 1897 757 1979 ad
805 1912 1216 1980 exhibmdas
1263 1910 1600 1982 eiusmodi
1641 1911 1714 1980 iu
1762 1913 1894 1979 ori-

127 2037 338 2127 ginali
369 2037 901 2126 dispensationes
934 2086 956 2118 ,
1007 2034 1725 2129 dispensationumqve
1751 2059 1898 2102 mo·

129 2165 271 2230 tiva
316 2162 832 2255 adstringantur.
929 2164 1026 2231 Eo
1075 2165 1439 2231 clementer
1483 2161 1764 2243 addito,
1812 2184 1899 2228 ne

128 2289 537 2357 Dioecesani
598 2276 1098 2383 imposterumq
1154 2290 1211 2357 si
1270 2288 1407 2354 fors
1453 2310 1578 2379 per
1624 2267 1778 2357 ilios
1827 2289 1898 2355 iu

129 2413 371 2482 eadem
439 2438 633 2483 causa
679 2417 975 2486 Romam
1040 2389 1395 2485 faciendus
1459 2428 1631 2482 esset
1676 2436 1901 2483 recur-

129 2563 240 2606 sus
269 2586 291 2618 ‚
358 2539 536 2607 hunc
583 2544 726 2610 sine
770 2545 1047 2634 praevio
1097 2545 1363 2612 indultu
1408 2543 1633 2631 Regio
1677 2540 1900 2614 facere

133 2666 373 2732 ausint.
463 2668 641 2734 Mox
699 2692 862 2735 vero
924 2692 1073 2734 usus
1149 2685 1246 2736 est
1281 2673 1434 2737 iure
1476 2669 1607 2736 hoc
1653 2667 1900 2760 placeti

134 2789 290 2857 Rex
338 2789 523 2858 idem
569 2794 1036 2883 Apostolicus‚
1087 2795 1250 2863 dum
1295 2803 1472 2863 anno
1511 2794 1755 2882 eodem
1789 2791 1904 2859 die

136 2930 246 3016 30.
291 2917 735 2999 Decembris,
782 2938 1017 2990 notum
1063 2922 1261 2990 reddi
1306 2922 1543 2989 iussit:
1583 2934 1680 2986 'ne
1706 2918 1904 2987 Bulla

135 3042 488 3111 Pontificia
525 3092 546 3125 ‚
582 3045 819 3134 ⁴qvoad
868 3049 1221 3141 Synodum
1265 3024 1919 3116 Pistoiae·'ee1ebra-‘

142 3154 323 3247 tam,
371 3177 701 3269 recentius
754 3173 978 3256 edita,
1045 3192 1109 3244 et
1158 3175 1422 3243 diversa
1470 3171 1724 3240 iuribus
1753 3177 1904 3235 ‘ter-

142 3314 255 3358 rae
300 3292 636 3386 Principis
685 3297 1106 3391 derogatoria
1151 3303 1484 3392 principia
1530 3299 1904 3386 continens,

149 3418 218 3485 in
266 3418 579 3513 Regnum
625 3425 753 3494 hoc
799 3428 1220 3517 Hungariae‚
1286 3442 1641 3520 partesqve
1681 3427 1742 3494 ei
1789 3418 1909 3489 ad-

1701 3573 1817 3620 ne·
