1930 3828
887 229 1131 254 α

143 225 264 303 162

1613 307 1626 336 K

137 410 347 474 micus
403 403 661 475 honor,
728 394 841 480 qvi
904 394 974 457 in
1018 389 1212 455 huius
1253 386 1620 466 voluminis
1665 381 1891 450 studio

138 530 401 620 egregie
442 519 922 614 profecissent,
970 515 1051 599 b)
1097 491 1347 601 sensim
1376 509 1733 614 Gratianus
1777 528 1889 573 ce⁴

136 669 476 726 terorum,
557 649 673 734 qvi
734 666 1019 712 canones
1084 640 1407 730 hactenus*
1481 637 1892 727 compilave-

60 860 71 869 ·
134 790 318 853 rant,
367 774 644 839 nomina
685 774 947 862 penitus
990 766 1419 841 obscuravit,
1466 759 1891 853 praesertim,

135 898 319 986 qvod
367 898 685 987 deinceps
742 917 975 963 causae
1020 891 1567 982 Ecclesiasticae,
1636 899 1776 951 tam
1821 883 1897 950 in

134 1024 318 1092 Rota
343 1023 688 1100 Romana,
735 1045 935 1109 qvam
989 1020 1192 1085 etiarn
1237 1019 1309 1083 in
1353 1014 1691 1106 rescriptis
1718 1013 1930 1085 Pou-⁴

137 1152 431 1227 tificum,
479 1171 565 1215 ex
610 1148 740 1214 hoc
762 1145 1106 1214 volumine
1135 1140 1626 1209 deciderentur.
1704 1141 1905 1230 Opus·

139 1273 429 1340 divisum
491 1289 588 1339 est
658 1274 725 1338 in
793 1286 923 1337 tres
986 1284 1233 1359 partes·
1328 1267 1553 1333 Prima
1598 1265 1898 1332 continet

138 1380 602 1466 distiuctiones
648 1412 918 1465 centum
967 1409 1030 1462 et
1075 1415 1321 1471 unam,
1365 1391 1491 1458 hae
1535 1377 1697 1458 vero
1745 1413 1899 1457 suos

138 1523 442 1592 canones.
534 1523 974 1613 Dignoscitur
1042 1543 1077 1585 a
1139 1517 1414 1604 reliqvis
1474 1515 1771 1608 partibus
1814 1515 1903 1582 si-

137 1651 284 1717 mili
333 1649 693 1729 citatione3
763 1650 1047 1722 Can.,1.
1099 1642 1255 1709 dist.
1306 1638 1415 1712 60.
1471 1641 1704 1708 Altera
1748 1665 1903 1734 pars

139 1777 612 1863 complectitur
673 1774 948 1862 triginta
998 1791 1117 1837 sex
1166 1789 1389 1833 causas
1418 1813 1441 1843 ,
1508 1766 1673 1835 istae
1725 1758 1903 1835 divi·

141 1897 384 1965 duntur
430 1898 498 1963 in
547 1897 1005 1984 qvaestiones,
1067 1894 1189 1960 hae
1252 1917 1413 1961 vero
1464 1895 1531 1959 in
1579 1914 1895 1960 canones.

136 2025 570 2114 Dignoscitur
643 2044 764 2110 per
838 2017 1225 2088 huiusmodi
1301 2019 1930 2108 provocationemt·

142 2148 305 2215 Can.
380 2165 440 2216 1.
505 2169 679 2213 caus·
755 2163 857 2217 14.
916 2169 1027 2234 qv.
1079 2162 1140 2214 2.
1238 2142 1507 2212 Praeter
1551 2159 1914 2233 exspecta.

136 2274 392 2367 >tionem
471 2286 690 2338 tamen
728 2317 750 2347 ,
843 2295 1072 2339 causae
1157 2272 1547 2362 trigesimae*
1619 2270 1904 2349 tertiae,

140 2411 290 2486 post
338 2397 794 2482 qvaestionem
842 2397 1244 2475 secundam,
1302 2397 1582 2488 insertus
1628 2411 1727 2483 est
1769 2411 1904 2463 tra·

140 2534 350 2584 ctatus
399 2515 478 2586 de
516 2527 961 2612 poenitentia,
1016 2522 1269 2588 divisus
1320 2523 1387 2588 in
1437 2500 1906 2588 distincliones

143 2661 396 2734 septem
425 2691 446 2721 ,
494 2667 664 2731 qvae
711 2648 779 2713 in
828 2671 1111 2715 canones
1157 2646 1700 2715 subdividuntur.
1787 2647 1905 2714 Se·

145 2771 329 2836 cerni
396 2768 591 2835 debet
636 2773 718 2838 ab
764 2774 1166 2861 allegatione
1214 2747 1423 2864 partis
1470 2760 1731 2863 primae
1772 2769 1926 2838 hocr

143 2895 395 2961 modo:
466 2897 629 2963 Can.
690 2914 744 2964 1.
797 2897 947 2963 dist.
996 2916 1055 2966 1.
1112 2894 1192 2968 de
1228 2901 1478 2992 poenit.
1569 2897 1720 2964 Hoc
1769 2910 1903 2963 tra·

122 3037 322 3088 ,ctatu
386 3022 611 3098 finito,
693 3023 943 3088 reditur
1006 3022 1091 3089 ad
1157 3043 1418 3091 causam
1483 3023 1903 3114 trigesimam

145 3147 459 3222 tertiam,
553 3135 1006 3231 qvaestionem
1076 3164 1428 3236 qvartam,
1512 3163 1577 3215 et
1637 3146 1712 3214 fit
1783 3170 1908 3237 par

149 3271 603 3348 continuatio,
681 3295 882 3357 usqve
944 3275 1029 3340 ad
1095 3276 1298 3341 finem
1362 3296 1598 3343 causae
1643 3253 1930 3362 trigesi?

99 3478 110 3482 „
1302 3475 1308 3481 ,
1443 3384 1453 3399 ¹
1664 3422 1817 3470 mae

116 3584 120 3590 ,
218 3535 290 3607 b)
326 3539 484 3598 Id'em
523 3542 646 3599 eod.
684 3540 821 3614 §pho
861 3554 915 3600 et
953 3542 1171 3604 duobus
1212 3556 1467 3621 seqvent·
1699 3514 1715 3523 ι
