1942 3892
811 252 1060 277 “““““““““
1723 257 1810 318 73

12 447 14 450 ’
50 442 166 490 seu
195 418 881 488 praemonstratenses
919 416 1117 485 dicti.
1211 416 1560 506 Siqvidem
1598 439 1810 510 nuper

48 544 420 632 admodum
446 590 469 624 ‚
539 545 842 611 restituta
903 545 989 611 sit
1033 520 1513 633 praepositura?
1556 544 1621 611 S.
1666 544 1807 611 Mi-

11 670 320 748 achaeus,
359 671 444 739 de
472 671 786 751 wesema..
857 670 1030 734 Item
1064 669 1191 734 Β.χ
1221 670 1328 734 Μ.
1375 669 1675 759 Virginis
1721 668 1809 739 de

44 787 322 884 Tiirje„
378 774 706 884 Deniqu
757 795 825 863 S.
892 793 1164 862 Ioannis
1234 792 1320 859 de
1379 808 1630 883 ponte,
1693 818 1808 864 seu

40 920 415 992 Ianoshida.
509 922 706 1019 Qvae
752 934 885 989 tres
929 921 1047 987 uni
1096 918 1452 1008 eidemqve
1500 919 1806 989 Praelato
1844 969 1846 973 ,

36 1048 302 1129 filerunt
353 1051 657 1130 collatae,
707 1047 792 1132 n)
881 1046 1042 1113 Non
1088 1047 1308 1114 minus
1341 1038 1808 1136 Praepositum

37 1177 114 1266 S.-
156 1176 427 1244 >Ioannis
463 1174 670 1267 ‘Bapn
742 1174 828 1243 de
867 1173 1147 1259 1Ιτίίὶτον,
1227 1196 1348 1241 suo
1415 1171 1637 1261 vigori
1708 1186 1807 1237 est

39 1303 366 1401 restituta·

734 1492 805 1590 g.
868 1497 1114 1565 Lv111.

429 1624 634 1705 Abb.
705 1619 1404 1704 commendatarii.

230 1803 426 1870 Cum
454 1803 1037 1879 Com-mendatarii
1083 1827 1351 1892 qvoqve
1392 1801 1803 1869 Praelatura·

33 1953 217 2003 rum
238 1929 679 2022 Regularium
704 1979 728 2014 ‚
802 1936 873 2000 in
953 1929 1247 2026 Synodis
1319 1921 1803 1997 Ecclesiasticis

33 2052 308 2135 locum,
334 2056 414 2142 o)
460 2072 723 2150 partem
769 2058 1059 2152 proinde
1103 2061 1174 2124 in
1219 2055 1643 2146 legislatione
1687 2046 1870 2141 hag.

35 2175 194 2248 bere
238 2165 535 2272 possint,
583 2168 714 2274 ipsi
764 2207 1030 2274 qvoqve
1074 2183 1391 2253 hocloco
1430 2192 1580 2246 sunt
1615 2197 1802 2245 com·

34 2309 483 2384 memorandi.
576 2311 794 2378 Sumit
828 2309 1193 2401 adpellatio
1225 2309 1465 2377 horum
1485 2351 1509 2387 ‚
1557 2294 1595 2369 ἐι
1629 2321 1802 2367 voce

35 2430 466 2534 commende,
542 2437 875 2528 originem
910 2450 1168 2517 xsuam,
1235 2456 1455 2523 qvae,
1532 2428 1801 2495 alterius

32 2583 230 2637 curae
321 2563 676 2658 qvippiam
752 2561 1085 2631 creditum
1122 2610 1145 2643 ‚
1224 2561 1574 2651 significat.
1621 2582 1631 2590 ·
1692 2550 1801 2622 Illi

8 2708 243 2764 vero,
292 2688 531 2777 qvibus
576 2713 828 2767 nomen
872 2690 1002 2759 hoc
1048 2688 1407 2767 tribuitur,
1473 2697 1623 2749 sunt
1666 2678 1800 2746 viri

36 2833 123 2878 ex
172 2811 434 2887 Ordine
459 2862 473 2874 f
504 2816 818 2903 Clericali
843 2864 867 2898 ‚
930 2821 1044 2904 qvi
1100 2814 1520 2883 Praelaturae
1585 2811 1837 2876 cuius-.

31 2941 221 3028 piam
251 2939 606 3031 Regularis
652 2957 844 3035 parte
889 2942 1224 3011 redituum
1266 2939 1614 3034 fruuntur,
1661 2957 1798 3000 non
1909 2969 1922 2983 ·

1561 3064 1704 3131 sine

86 3261 186 3372 ιι)
242 3262 330 3321 Ita
381 3263 704 3341 derogatum
742 3264 836 3324 'est
888 3261 1056 3339 capiti
1110 3278 1163 3335 9.
1207 3261 1277 3322 de
1315 3252 1478 3334 relig.
1518 3256 1797 3320 domibus

181 3372 247 3442 o)
299 3370 711 3434 Caerominiale
761 3374 910 3448 Epp.
958 3372 1061 3435 lib.
1121 3390 1172 3430 1.
1226 3389 1349 3446 cap.
1386 3385 1477 3442 31.
1515 3387 1670 3428 num·
1714 3383 1800 3437 15

176 3485 320 3551 Item
370 3484 587 3550 Bened.
634 3485 805 3544 XIV.
858 3485 927 3543 de
977 3483 1112 3562 Syn.
1166 3486 1237 3543 D.
1289 3479 1395 3542 lib.
1447 3494 1505 3550 3
1544 3493 1796 3555 cap-10·

182 3612 335 3653 num.
373 3609 428 3666 5.
