1930 3828
881 281 1127 292 α--ἐ

106 237 253 311 ’όοο
877 244 1131 276 --·

122 429 607 496 memoratum,
656 417 691 500 (
717 411 787 504 §.
824 414 1396 501 CCLXXXVI.)
1439 434 1890 486 revera'com-

122 558 360 632 petens
425 556 523 607 est
600 541 1068 609 subsistentia:
1147 543 1247 608 ius
1315 541 1515 610 habet
1574 566 1889 635 suprema

116 682 415 756 potestas
485 667 706 733 civilis
736 714 760 748 ‚
830 665 1451 736 Ecclesiasticorum
1520 671 1892 762 proventus

118 789 466 862 manuales
495 835 515 863 ‚
585 792 747 860 dum
807 803 1084 885 propter
1126 794 1370 861 horum
1417 795 1892 872 exactionem,

117 920 334 1010 plebis
380 942 417 984 a
462 918 845 986 Pastoribus
896 919 1029 984 suis
1076 921 1336 986 aversio
1363 967 1387 999 ,
1433 915 1887 988 vel'diffiden-

119 1046 211 1110 tia
263 1048 559 1131 seqvitur
586 1092 606 1122 ,
647 1016 1125 1134 temperandi,
1169 1061 1280 1112 aut
1329 1044 1883 1135 penitus-tonen-

119 1169 215 1236 di.
308 1172 455 1245 Hoc
528 1171 710 1237 enim
773 1175 871 1236 ius
917 1168 1240 1237 fundatur
1306 1172 1375 1238 in
1421 1171 1882 1263 obligatione,

63 1285 65 1288 ’
122 1295 412 1362 deducta
477 1319 513 1360 e
577 1316 889 1381 supremo
937 1294 1344 1374 patronatu,
1415 1295 1742 1364 ministris
1785 1319 1885 1364 sa-

118 1425 245 1486 cris
318 1403 646 1485 honorem
725 1420 1169 1486 necessarium
1244 1412 1671 1512 procurandi.v
1758 1418 1881 1513 (§.

117 1543 504 1630 CCCVI.)'
563 1544 706 1635 Qvi
771 1567 929 1612 sane
990 1543 1304 1637 vapulat,
1367 1548 1631 1636 qvoties
1676 1548 1882 1616 alieni

118 1686 270 1739 sunt
340 1673 555 1770 animi
596 1671 947 1738 hominum
992 1656 1528 1755 Christianorum
1573 1699 1612 1744 a
1656 1674 1886 1743 Pasto-

116 1798 297 1866 ribus
359 1802 512 1864 suis.
607 1799 960 1885 Deniqve,
1032 1813 1309 1890 propter
1355 1804 1573 1883 mala,
1645 1799 1886 1892 ita—Ec-

118 1924 387 1991 clesiam
437 1901 647 1991 ex'eo
694 1922 1191 2006 redundantia,
1265 1925 1450 2013 qvod
1510 1947 1679 1996 unus
1738 1929 1883 2018 p‘lu·

113 2072 184 2117 ra
229 2048 571 2118 Beneficia
631 2048 1098 2117 Ecclesiastica
1167 2042 1514 2134 retineat,'
1566 2074 1721 2120 cum
1769 2052 1884 2120 illa

115 2195 343 2242 curam
390 2174 765 2264 deposcunt
808 2174 1229 2243 animarum:
1270 2178 1346 2261 z)
1393 2180 1498 2247 ius
1542 2177 1739 2248 habet
1785 2200 1886 2244 su·

114 2325 347 2392 prema
393 2317 732 2395 potestas,
783 2301 1033 2367 malum
1070 2302 1199 2371 hoc
1230 2303 1676 2401 impediendi.
1747 2304 1880 2371 Po-

113 2430 235 2495 sita
318 2451 586 2516 qvoqve
665 2426 890 2495 debita
965 2431 1427 2496 ministrorum
1500 2430 1883 2520 Religionis

11 2562 15 2566 ’
114 2555 545 2644 provisione,
603 2553 703 2619 ius
749 2575 890 2621 esse
939 2557 1125 2624 aiunt
1170 2578 1520 2647 supremae
1564 2555 1881 2649 potestati

111 2681 354 2759 civili,
425 2681 609 2748 velut
672 2700 759 2748 ex
827 2681 969 2748 iure
1022 2705 1376 2775 supremae
1435 2681 1885 2779 inspectionis

117 2805 526 2885 deductum,
575 2805 835 2873 ferendi
882 2808 1102 2900 legem
1151 2810 1337 2878 illam
1363 2857 1386 2888 ,
1438 2831 1611 2909 qyae
1645 2781 1879 2898 ignoto

115 2933 185 2999 in
218 2933 368 3023 lege
393 2933 780 3021 Hungarica
807 2938 1355 3005 amortizationis
1381 2938 1659 3022 nomine
1691 2957 1878 3002 com·

114 3058 440 3148 pellatur3
491 3060 794 3146 qvaeqve
840 3073 1171 3151 temperat
1207 3064 1652 3151 qvantitatem
1680 3083 1878 3128 num·

1633 3211 1783 3256 mo-

183 3363 256 3431 z)
321 3366 504 3440 Leges
568 3361 675 3426 illa
724 3367 917 3429 verbis
971 3363 1275 3448 grandibus
1326 3385 1597 3443 expressa
1646 3365 1877 3428 Ioannis

252 3475 447 3533 XXII.
504 3472 563 3537 in
618 3480 853 3547 Extrav.
907 3501 1108 3542 comm.
1149 3480 1238 3543 tit.
1275 3480 1345 3540 de
1384 3482 1580 3572 praeb.
1621 3490 1677 3540 et
1714 3475 1874 3554 dign.

257 3598 376 3659 cap.
414 3599 467 3651 4.
539 3623 562 3642 .
