1930 3828
158 255 286 327 42‘0
915 260 1161 303 ...m——

749 417 819 513 5.
866 412 1317 499 CCXXXVI.

533 524 744 604 Iura
814 526 1145 608 Vi’fcarn
1193 487 1602 626 ΟαρὶτιιΙ..

331 667 678 759 Qvoniam
739 672 882 751 ius,
954 669 1142 760 qvod
1203 669 1463 764 obtinet
1524 665 1917 761 Capitulum

156 794 536 885 Episcopali
584 792 740 861 sede
777 811 1100 874 vacante,
1143 791 1269 887 (§.
1319 793 1690 881 CCXIX.)
1743 774 1919 865 'mox

150 924 223 986 in
252 919 602 986 Vicarium
647 925 841 989 suut'n
887 919 1245 988 transferre
1290 918 1535 1003 debet,
1579 915 1704 1011 (§
1729 921 1919 1006 LII.)

156 1065 617 1133 qvaecumqve
663 1069 860 1138 agere
901 1061 1163 1139 poterat
1201 1040 1596 1141 Capitulum
1643 1044 1729 1113 de
1775 1047 1922 1114 iure

144 1175 497 1251 communi
531 1215 554 1251 ‚
601 1171 686 1247 ad
735 1172 974 1240 eadem
1020 1150 1280 1262 agenda
1325 1167 1714 1239 extenditur
1743 1216 1766 1248 ‚
1841 1193 1930 1239 ac·

156 1296 356 1360 etiam
400 1298 820 1386 restringitur
860 1299 1108 1365 Vicarii
1138 1295 1557 1386 Capitularis'
1589 1309 1914 1384 potestas·

153 1417 482 1510 Dubitant
557 1444 771 1502 vem,
834 1446 995 1489 num
1065 1424 1178 1490 ille
1240 1422 1311 1487 vi
1380 1419 1920 1511 muneris'agere

157 1544 408 1632 possit,
457 1541 543 1610 ad
589 1567 759 1631 qvae
806 1547 1254 1636 perficienda,
1296 1535 1600 1616 Vicarius
1635 1545 1920 1637 Episco-

152 1667 326 1754 palis
353 1667 610 1759 indiget
643 1671 964 1737 mandato
997 1674 1293 1762 speciali.
1337 1673 1375 1758 (
1394 1667 1465 1764 §.
1491 1669 1920 1755 OCXXIV.)

157 1792 346 1859 Unus
402 1793 571 1860 mihi
633 1794 975 1864 suffecerit
1020 1818 1171 1886 :pro
1228 1797 1457 1865 multis
1512 1789 1922 1868 Benedictus

71 1991 85 2002 ‚
157 1916 346 1985 XIV.
392 1917 752 1998 Pontifex,
821 1921 934 2006 qvi
995 1919 1124 1990 hoo
1185 1922 1394 1990 modo
1452 1922 1919 1988 ratiocinatur:

160 2043 418 2110 Voluit·
450 2065 631 2111 sacra
681 2042 1087 2112 Tridentina
1135 2044 1447 2137 Synodus
1491 2045 1836 2114 vicarium
1881 2066 1923 2112 a

85 2214 95 2222 -
158 2167 476 2257 Capitale
512 2170 723 2259 eligi,
765 2167 853 2235 ad
891 2156 1238 2239 evitandas
1265 2170 1762 2260 Capitularium
1787 2170 1924 2236 dis-⁸

162 2294 498 2361 sensiones
524 2340 548 2372 ‚
617 2296 960 2383 multaqve
1002 2293 1514 2388 praecavenda,
1581 2317 1754 2386 qvae
1798 2294 1920 2364 do-

166 2433 359 2485 cente
404 2420 818 2508 experientia
851 2465 875 2499 ,
936 2438 1406 2510 sewu-entur,
1451 2422 1507 2489 si
1554 2421 1927 2512 Episcopa-

163 2542 246 2608 lis
276 2542 758 2609 iurisdictionis
799 2545 1334 2630 administrati0‚
1382 2520 1590 2639 penes
1624 2547 1930 2638 Capituli

168 2688 409 2758 corpus
445 2666 800 2736 resideret.
890 2672 1099 2760 Atqvi
1142 2673 1308 2741 haec
1355 2693 1492 2741 non
1516 2673 1735 2740 minus
1765 2694 1925 2762 pos·

164 2805 311 2858 sent
356 2798 614 2872 metui,
686 2794 929 2881 qvodsi
984 2800 1348 2865 constituto
1391 2795 1761 2892 capitulari
1804 2799 1924 2867 Vi-

165 2918 387 2994 catim
465 2918 898 2987 nihilominus
958 2920 1396 3011 Capitulum,
1453 2946 1600 2992 suo
1665 2924 1927 2991 iudicio

160 3046 275 3111 illa
321 3061 729 3133 reservaret,
784 3067 954 3135 qvae
1001 3051 1405 3138 ceteroqvin
1441 3051 1748 3140 indigent
1778 3071 1926 3139 spe-

165 3163 321 3234 ciali
393 3135 733 3237 mandat'o.
850 3172 1083 3261 Qvare
1157 3179 1487 3243 sententia
1551 3172 1930 3243 doctissimi

158 3293 505 3390 Pontificis
568 3309 706 3374 est,
784 3293 1127 3366 Vicat-ium
1201 3293 1665 3391 capitularem
1738 3300 1930 3367 nullo

160 3416 467 3509 indigere
513 3418 784 3509 speciali
832 3421 1199 3509 mandato,
1245 3441 1320 3493 ut
1362 3424 1448 3494 ab
1494 3440 1576 3494 eo
1613 3424 1930 3518 Synodus

1629 3550 1839 3618 Dioc-
