<?xml version="1.0" encoding="UTF-8"?>
<!DOCTYPE html PUBLIC "-//W3C//DTD XHTML 1.0 Transitional//EN"
    "http://www.w3.org/TR/xhtml1/DTD/xhtml1-transitional.dtd">
<html xmlns="http://www.w3.org/1999/xhtml" xml:lang="en" lang="en">
 <head>
  <title>
</title>
<meta http-equiv="Content-Type" content="text/html;charset=utf-8" />
  <meta name='ocr-system' content='tesseract 3.04.00' />
  <meta name='ocr-capabilities' content='ocr_page ocr_carea ocr_par ocr_line ocrx_word'/>
</head>
<body>
  <div class='ocr_page' id='page_1' title='image "./iuspublicumcommu00szvo_0476.png"; bbox 0 0 1930 3828; ppageno 0'>
   <div class='ocr_carea' id='block_1_1' title="bbox 867 240 1114 261">
    <p class='ocr_par' dir='ltr' id='par_1_1' title="bbox 867 240 1114 261">
     <span class='ocr_line' id='line_1_1' title="bbox 867 240 1114 261; baseline 0 0"><span class='ocrx_word' id='word_1_1' title='bbox 867 240 1114 261; x_wconf 95' lang='lat' dir='ltr'> </span> 
     </span>
    </p>
   </div>
   <div class='ocr_carea' id='block_1_2' title="bbox 121 256 1113 313">
    <p class='ocr_par' dir='ltr' id='par_1_2' title="bbox 121 256 1113 313">
     <span class='ocr_line' id='line_1_2' title="bbox 121 256 1113 313; baseline 0.005 -3"><span class='ocrx_word' id='word_1_2' title='bbox 121 256 250 311; x_wconf 64' lang='lat'>2244</span> <span class='ocrx_word' id='word_1_3' title='bbox 750 310 751 313; x_wconf 76' lang='grc'>,</span> <span class='ocrx_word' id='word_1_4' title='bbox 869 263 1113 289; x_wconf 71' lang='grc'>“-”</span> 
     </span>
    </p>
   </div>
   <div class='ocr_carea' id='block_1_3' title="bbox 37 376 1930 3423">
    <p class='ocr_par' dir='ltr' id='par_1_3' title="bbox 37 376 1893 3127">
     <span class='ocr_line' id='line_1_3' title="bbox 123 376 1871 482; baseline -0.005 0"><span class='ocrx_word' id='word_1_5' title='bbox 123 416 212 482; x_wconf 83' lang='lat' dir='ltr'>lui</span> <span class='ocrx_word' id='word_1_6' title='bbox 243 406 463 475; x_wconf 45' lang='lat' dir='ltr'>”fontem</span> <span class='ocrx_word' id='word_1_7' title='bbox 557 406 879 472; x_wconf 82' lang='lat' dir='ltr'>Liberum</span> <span class='ocrx_word' id='word_1_8' title='bbox 926 420 1153 472; x_wconf 82' lang='lat' dir='ltr'>tamen</span> <span class='ocrx_word' id='word_1_9' title='bbox 1199 417 1295 471; x_wconf 80' lang='lat' dir='ltr'>est</span> <span class='ocrx_word' id='word_1_10' title='bbox 1340 402 1523 471; x_wconf 82' lang='lat' dir='ltr'>iuxta</span> <span class='ocrx_word' id='word_1_11' title='bbox 1564 376 1871 474; x_wconf 72' lang='lat' dir='ltr'>&#39;eiusdem</span> 
     </span>
     <span class='ocr_line' id='line_1_4' title="bbox 122 526 1872 626; baseline -0.003 -24"><span class='ocrx_word' id='word_1_12' title='bbox 122 535 383 602; x_wconf 77' lang='lat' dir='ltr'>articuli</span> <span class='ocrx_word' id='word_1_13' title='bbox 456 526 713 619; x_wconf 85' lang='lat' dir='ltr'>§phum</span> <span class='ocrx_word' id='word_1_14' title='bbox 785 542 1046 594; x_wconf 82' lang='lat' dir='ltr'>sextum</span> <span class='ocrx_word' id='word_1_15' title='bbox 1078 574 1102 607; x_wconf 91' lang='lat'>,</span> <span class='ocrx_word' id='word_1_16' title='bbox 1173 528 1598 620; x_wconf 84' lang='lat' dir='ltr'>Evangelicis</span> <span class='ocrx_word' id='word_1_17' title='bbox 1665 552 1872 626; x_wconf 79' lang='lat' dir='ltr'>opera</span> 
     </span>
     <span class='ocr_line' id='line_1_5' title="bbox 123 643 1872 744; baseline -0.002 -19"><span class='ocrx_word' id='word_1_18' title='bbox 123 643 452 726; x_wconf 72' lang='lat' dir='ltr'>Catholici</span> <span class='ocrx_word' id='word_1_19' title='bbox 506 652 883 719; x_wconf 78' lang='lat' dir='ltr'>Sacerdotis</span> <span class='ocrx_word' id='word_1_20' title='bbox 929 656 1049 721; x_wconf 89' lang='lat' dir='ltr'>uti.</span> <span class='ocrx_word' id='word_1_21' title='bbox 1138 655 1318 720; x_wconf 87' lang='lat' dir='ltr'>Mox</span> <span class='ocrx_word' id='word_1_22' title='bbox 1358 668 1518 744; x_wconf 86' lang='lat' dir='ltr'>post</span> <span class='ocrx_word' id='word_1_23' title='bbox 1551 657 1872 724; x_wconf 86' lang='lat' dir='ltr'>collatum</span> 
     </span>
     <span class='ocr_line' id='line_1_6' title="bbox 123 778 1874 871; baseline -0.001 -23"><span class='ocrx_word' id='word_1_24' title='bbox 123 780 496 871; x_wconf 86' lang='lat' dir='ltr'>baptisma,</span> <span class='ocrx_word' id='word_1_25' title='bbox 568 778 983 868; x_wconf 78' lang='lat' dir='ltr'>arripiendus</span> <span class='ocrx_word' id='word_1_26' title='bbox 1032 792 1129 844; x_wconf 84' lang='lat' dir='ltr'>est</span> <span class='ocrx_word' id='word_1_27' title='bbox 1174 780 1379 855; x_wconf 81' lang='lat' dir='ltr'>liber,</span> <span class='ocrx_word' id='word_1_28' title='bbox 1453 801 1653 867; x_wconf 85' lang='lat' dir='ltr'>qvem</span> <span class='ocrx_word' id='word_1_29' title='bbox 1703 779 1874 848; x_wconf 89' lang='lat' dir='ltr'>dici·</span> 
     </span>
     <span class='ocr_line' id='line_1_7' title="bbox 123 904 1875 990; baseline -0.002 -16"><span class='ocrx_word' id='word_1_30' title='bbox 123 932 267 974; x_wconf 89' lang='lat' dir='ltr'>mus</span> <span class='ocrx_word' id='word_1_31' title='bbox 311 904 735 972; x_wconf 83' lang='lat' dir='ltr'>Matriculam</span> <span class='ocrx_word' id='word_1_32' title='bbox 763 949 786 982; x_wconf 89' lang='lat'>,</span> <span class='ocrx_word' id='word_1_33' title='bbox 833 918 1029 990; x_wconf 88' lang='lat' dir='ltr'>atqve</span> <span class='ocrx_word' id='word_1_34' title='bbox 1074 904 1226 971; x_wconf 89' lang='lat' dir='ltr'>huic</span> <span class='ocrx_word' id='word_1_35' title='bbox 1273 905 1595 971; x_wconf 85' lang='lat' dir='ltr'>inseratur</span> <span class='ocrx_word' id='word_1_36' title='bbox 1641 924 1875 984; x_wconf 86' lang='lat' dir='ltr'>annus,</span> 
     </span>
     <span class='ocr_line' id='line_1_8' title="bbox 37 1028 1876 1121; baseline -0.002 -22"><span class='ocrx_word' id='word_1_37' title='bbox 37 1068 43 1075; x_wconf 94' lang='lat'><strong>·</strong></span> <span class='ocrx_word' id='word_1_38' title='bbox 124 1032 420 1110; x_wconf 80' lang='lat' dir='ltr'>mensis,</span> <span class='ocrx_word' id='word_1_39' title='bbox 486 1028 667 1105; x_wconf 87' lang='lat' dir='ltr'>dies,</span> <span class='ocrx_word' id='word_1_40' title='bbox 714 1050 960 1094; x_wconf 87' lang='lat' dir='ltr'>nomen</span> <span class='ocrx_word' id='word_1_41' title='bbox 1008 1029 1364 1118; x_wconf 87' lang='lat' dir='ltr'>baptisati,</span> <span class='ocrx_word' id='word_1_42' title='bbox 1407 1031 1696 1120; x_wconf 86' lang='lat' dir='ltr'>patrini,</span> <span class='ocrx_word' id='word_1_43' title='bbox 1755 1053 1876 1121; x_wconf 80' lang='lat' dir='ltr'>pa-</span> 
     </span>
     <span class='ocr_line' id='line_1_9' title="bbox 116 1155 1880 1242; baseline -0.002 -18"><span class='ocrx_word' id='word_1_44' title='bbox 116 1174 384 1233; x_wconf 76' lang='lat' dir='ltr'>rentcS,</span> <span class='ocrx_word' id='word_1_45' title='bbox 452 1156 833 1242; x_wconf 80' lang='lat' dir='ltr'>baptisans,</span> <span class='ocrx_word' id='word_1_46' title='bbox 895 1169 957 1219; x_wconf 92' lang='lat' dir='ltr'>et</span> <span class='ocrx_word' id='word_1_47' title='bbox 1017 1155 1199 1218; x_wconf 89' lang='lat' dir='ltr'>locus</span> <span class='ocrx_word' id='word_1_48' title='bbox 1270 1156 1528 1225; x_wconf 75' lang='lat' dir='ltr'>natalis,</span> <span class='ocrx_word' id='word_1_49' title='bbox 1639 1156 1880 1224; x_wconf 84' lang='lat' dir='ltr'>Cetera</span> 
     </span>
     <span class='ocr_line' id='line_1_10' title="bbox 124 1271 1882 1369; baseline -0.002 -21"><span class='ocrx_word' id='word_1_50' title='bbox 124 1283 375 1348; x_wconf 80' lang='lat' dir='ltr'>ritualis</span> <span class='ocrx_word' id='word_1_51' title='bbox 415 1271 585 1346; x_wconf 71' lang='lat' dir='ltr'>libei·</span> <span class='ocrx_word' id='word_1_52' title='bbox 631 1278 963 1346; x_wconf 81' lang='lat' dir='ltr'>edocebit.</span> <span class='ocrx_word' id='word_1_53' title='bbox 1009 1279 1090 1366; x_wconf 88' lang='lat' dir='ltr'>g)</span> <span class='ocrx_word' id='word_1_54' title='bbox 1176 1277 1470 1369; x_wconf 85' lang='lat' dir='ltr'>Regium</span> <span class='ocrx_word' id='word_1_55' title='bbox 1505 1303 1665 1348; x_wconf 84' lang='lat' dir='ltr'>vero</span> <span class='ocrx_word' id='word_1_56' title='bbox 1692 1302 1882 1346; x_wconf 87' lang='lat' dir='ltr'>man-</span> 
     </span>
     <span class='ocr_line' id='line_1_11' title="bbox 130 1402 1881 1499; baseline 0.001 -29"><span class='ocrx_word' id='word_1_57' title='bbox 130 1405 354 1472; x_wconf 87' lang='lat' dir='ltr'>datum</span> <span class='ocrx_word' id='word_1_58' title='bbox 388 1452 407 1481; x_wconf 93' lang='lat'>,</span> <span class='ocrx_word' id='word_1_59' title='bbox 457 1427 630 1469; x_wconf 83' lang='lat' dir='ltr'>anno</span> <span class='ocrx_word' id='word_1_60' title='bbox 688 1418 877 1490; x_wconf 72' lang='lat'>1793.</span> <span class='ocrx_word' id='word_1_61' title='bbox 931 1402 1042 1469; x_wconf 90' lang='lat' dir='ltr'>die</span> <span class='ocrx_word' id='word_1_62' title='bbox 1091 1402 1401 1499; x_wconf 65' lang='lat' dir='ltr'>26.Iunij</span> <span class='ocrx_word' id='word_1_63' title='bbox 1432 1406 1881 1493; x_wconf 87' lang='lat' dir='ltr'>publicatum,</span> 
     </span>
     <span class='ocr_line' id='line_1_12' title="bbox 131 1529 1884 1616; baseline -0.002 -21"><span class='ocrx_word' id='word_1_64' title='bbox 131 1530 467 1598; x_wconf 83' lang='lat' dir='ltr'>decernit:</span> <span class='ocrx_word' id='word_1_65' title='bbox 515 1529 644 1594; x_wconf 81' lang='lat' dir='ltr'>Pro</span> <span class='ocrx_word' id='word_1_66' title='bbox 688 1552 808 1606; x_wconf 87' lang='lat' dir='ltr'>e0,</span> <span class='ocrx_word' id='word_1_67' title='bbox 858 1533 938 1594; x_wconf 81' lang='lat' dir='ltr'>ut¹</span> <span class='ocrx_word' id='word_1_68' title='bbox 957 1529 1250 1616; x_wconf 76' lang='lat' dir='ltr'>prolium</span> <span class='ocrx_word' id='word_1_69' title='bbox 1292 1529 1490 1597; x_wconf 85' lang='lat' dir='ltr'>mixti</span> <span class='ocrx_word' id='word_1_70' title='bbox 1536 1533 1884 1597; x_wconf 81' lang='lat' dir='ltr'>matrimo-</span> 
     </span>
     <span class='ocr_line' id='line_1_13' title="bbox 123 1650 1885 1744; baseline 0.001 -23"><span class='ocrx_word' id='word_1_71' title='bbox 123 1657 267 1732; x_wconf 85' lang='lat' dir='ltr'>nii,</span> <span class='ocrx_word' id='word_1_72' title='bbox 317 1679 485 1744; x_wconf 84' lang='lat' dir='ltr'>qvae</span> <span class='ocrx_word' id='word_1_73' title='bbox 557 1653 883 1723; x_wconf 87' lang='lat' dir='ltr'>catholice</span> <span class='ocrx_word' id='word_1_74' title='bbox 945 1650 1338 1721; x_wconf 85' lang='lat' dir='ltr'>educandae</span> <span class='ocrx_word' id='word_1_75' title='bbox 1382 1669 1584 1735; x_wconf 72' lang='lat' dir='ltr'>sunt,</span> <span class='ocrx_word' id='word_1_76' title='bbox 1649 1655 1765 1725; x_wconf 77' lang='lat' dir='ltr'>tali</span> <span class='ocrx_word' id='word_1_77' title='bbox 1819 1679 1885 1723; x_wconf 82' lang='lat' dir='ltr'>e·</span> 
     </span>
     <span class='ocr_line' id='line_1_14' title="bbox 129 1777 1883 1861; baseline 0.001 -15"><span class='ocrx_word' id='word_1_78' title='bbox 129 1780 468 1848; x_wconf 87' lang='lat' dir='ltr'>ducationi</span> <span class='ocrx_word' id='word_1_79' title='bbox 515 1779 795 1848; x_wconf 85' lang='lat' dir='ltr'>Parochi</span> <span class='ocrx_word' id='word_1_80' title='bbox 864 1779 933 1845; x_wconf 87' lang='lat' dir='ltr'>in</span> <span class='ocrx_word' id='word_1_81' title='bbox 980 1782 1112 1845; x_wconf 75' lang='lat' dir='ltr'>suis</span> <span class='ocrx_word' id='word_1_82' title='bbox 1155 1777 1541 1861; x_wconf 78' lang='lat' dir='ltr'>parochiis,</span> <span class='ocrx_word' id='word_1_83' title='bbox 1573 1835 1577 1839; x_wconf 87' lang='lat'>.</span> <span class='ocrx_word' id='word_1_84' title='bbox 1605 1795 1671 1849; x_wconf 89' lang='lat' dir='ltr'>et</span> <span class='ocrx_word' id='word_1_85' title='bbox 1715 1781 1883 1847; x_wconf 85' lang='lat' dir='ltr'>filia-</span> 
     </span>
     <span class='ocr_line' id='line_1_15' title="bbox 45 1889 1889 1999; baseline 0.002 -30"><span class='ocrx_word' id='word_1_86' title='bbox 45 1985 47 1987; x_wconf 12' lang='lat'><em>*</em></span> <span class='ocrx_word' id='word_1_87' title='bbox 131 1906 300 1970; x_wconf 73' lang='lat' dir='ltr'>libus</span> <span class='ocrx_word' id='word_1_88' title='bbox 333 1952 354 1984; x_wconf 95' lang='lat'>,</span> <span class='ocrx_word' id='word_1_89' title='bbox 403 1889 696 1982; x_wconf 81' lang='lat' dir='ltr'>mature,</span> <span class='ocrx_word' id='word_1_90' title='bbox 744 1928 820 1972; x_wconf 87' lang='lat' dir='ltr'>ac</span> <span class='ocrx_word' id='word_1_91' title='bbox 870 1907 938 1971; x_wconf 89' lang='lat' dir='ltr'>in</span> <span class='ocrx_word' id='word_1_92' title='bbox 986 1896 1290 1996; x_wconf 73' lang='lat' dir='ltr'>tempore</span> <span class='ocrx_word' id='word_1_93' title='bbox 1335 1905 1689 1999; x_wconf 81' lang='lat' dir='ltr'>invigilare</span> <span class='ocrx_word' id='word_1_94' title='bbox 1732 1927 1889 1995; x_wconf 83' lang='lat' dir='ltr'>pos·</span> 
     </span>
     <span class='ocr_line' id='line_1_16' title="bbox 130 2030 1888 2121; baseline 0 -25"><span class='ocrx_word' id='word_1_95' title='bbox 130 2030 304 2108; x_wconf 81' lang='lat' dir='ltr'>sint,</span> <span class='ocrx_word' id='word_1_96' title='bbox 350 2046 717 2121; x_wconf 78' lang='lat' dir='ltr'>separatam</span> <span class='ocrx_word' id='word_1_97' title='bbox 761 2031 1217 2108; x_wconf 84' lang='lat' dir='ltr'>matriculam,</span> <span class='ocrx_word' id='word_1_98' title='bbox 1264 2042 1373 2097; x_wconf 80' lang='lat' dir='ltr'>aut</span> <span class='ocrx_word' id='word_1_99' title='bbox 1416 2045 1749 2121; x_wconf 65' lang='lat' dir='ltr'>regentum</span> <span class='ocrx_word' id='word_1_100' title='bbox 1781 2052 1888 2097; x_wconf 68' lang='lat' dir='ltr'>su-</span> 
     </span>
     <span class='ocr_line' id='line_1_17' title="bbox 133 2154 1887 2258; baseline 0.001 -38"><span class='ocrx_word' id='word_1_101' title='bbox 133 2178 255 2242; x_wconf 81' lang='lat' dir='ltr'>per</span> <span class='ocrx_word' id='word_1_102' title='bbox 298 2157 529 2223; x_wconf 87' lang='lat' dir='ltr'>mixtis</span> <span class='ocrx_word' id='word_1_103' title='bbox 575 2158 1069 2236; x_wconf 74' lang='lat' dir='ltr'>matrimoniis,</span> <span class='ocrx_word' id='word_1_104' title='bbox 1134 2170 1198 2223; x_wconf 90' lang='lat' dir='ltr'>et</span> <span class='ocrx_word' id='word_1_105' title='bbox 1243 2175 1330 2223; x_wconf 85' lang='lat' dir='ltr'>ex</span> <span class='ocrx_word' id='word_1_106' title='bbox 1371 2154 1473 2223; x_wconf 77' lang='lat' dir='ltr'>his</span> <span class='ocrx_word' id='word_1_107' title='bbox 1516 2156 1887 2258; x_wconf 65' lang='lat' dir='ltr'>progenitis</span> 
     </span>
     <span class='ocr_line' id='line_1_18' title="bbox 130 2278 1887 2372; baseline 0.005 -31"><span class='ocrx_word' id='word_1_108' title='bbox 130 2278 428 2367; x_wconf 83' lang='lat' dir='ltr'>prolibus</span> <span class='ocrx_word' id='word_1_109' title='bbox 461 2281 687 2352; x_wconf 84' lang='lat' dir='ltr'>haberi</span> <span class='ocrx_word' id='word_1_110' title='bbox 726 2282 988 2369; x_wconf 63' lang='lat' dir='ltr'>debete.</span> <span class='ocrx_word' id='word_1_111' title='bbox 1079 2282 1523 2363; x_wconf 80' lang='lat' dir='ltr'>Matrieulae,</span> <span class='ocrx_word' id='word_1_112' title='bbox 1573 2281 1662 2350; x_wconf 89' lang='lat' dir='ltr'>ad</span> <span class='ocrx_word' id='word_1_113' title='bbox 1690 2302 1887 2372; x_wconf 81' lang='lat' dir='ltr'>prae-</span> 
     </span>
     <span class='ocr_line' id='line_1_19' title="bbox 134 2405 1891 2495; baseline 0.001 -25"><span class='ocrx_word' id='word_1_114' title='bbox 134 2405 465 2476; x_wconf 78' lang='lat' dir='ltr'>cavendas</span> <span class='ocrx_word' id='word_1_115' title='bbox 514 2407 772 2476; x_wconf 83' lang='lat' dir='ltr'>fraudes</span> <span class='ocrx_word' id='word_1_116' title='bbox 818 2408 967 2495; x_wconf 89' lang='lat' dir='ltr'>(uti</span> <span class='ocrx_word' id='word_1_117' title='bbox 1012 2420 1107 2475; x_wconf 87' lang='lat' dir='ltr'>est</span> <span class='ocrx_word' id='word_1_118' title='bbox 1157 2406 1528 2487; x_wconf 84' lang='lat' dir='ltr'>correctio,</span> <span class='ocrx_word' id='word_1_119' title='bbox 1566 2420 1675 2474; x_wconf 86' lang='lat' dir='ltr'>aut</span> <span class='ocrx_word' id='word_1_120' title='bbox 1705 2406 1891 2472; x_wconf 85' lang='lat' dir='ltr'>evul-</span> 
     </span>
     <span class='ocr_line' id='line_1_20' title="bbox 138 2530 1892 2622; baseline 0.005 -31"><span class='ocrx_word' id='word_1_121' title='bbox 138 2530 234 2592; x_wconf 83' lang='lat' dir='ltr'>sio</span> <span class='ocrx_word' id='word_1_122' title='bbox 297 2530 666 2617; x_wconf 81' lang='lat' dir='ltr'>foliorum)</span> <span class='ocrx_word' id='word_1_123' title='bbox 730 2558 853 2622; x_wconf 82' lang='lat' dir='ltr'>per</span> <span class='ocrx_word' id='word_1_124' title='bbox 922 2535 1312 2601; x_wconf 82' lang='lat' dir='ltr'>Intimatum</span> <span class='ocrx_word' id='word_1_125' title='bbox 1376 2530 1542 2600; x_wconf 77' lang='lat' dir='ltr'>Exc-</span> <span class='ocrx_word' id='word_1_126' title='bbox 1604 2532 1892 2601; x_wconf 82' lang='lat' dir='ltr'>Consilii</span> 
     </span>
     <span class='ocr_line' id='line_1_21' title="bbox 136 2658 1890 2750; baseline 0.005 -32"><span class='ocrx_word' id='word_1_127' title='bbox 136 2678 309 2720; x_wconf 76' lang='lat' dir='ltr'>anno</span> <span class='ocrx_word' id='word_1_128' title='bbox 365 2673 552 2728; x_wconf 81' lang='lat'>1778.</span> <span class='ocrx_word' id='word_1_129' title='bbox 604 2660 715 2725; x_wconf 89' lang='lat' dir='ltr'>die</span> <span class='ocrx_word' id='word_1_130' title='bbox 765 2675 865 2728; x_wconf 75' lang='grc' dir='ltr'>ιδ.</span> <span class='ocrx_word' id='word_1_131' title='bbox 894 2659 1237 2727; x_wconf 86' lang='lat' dir='ltr'>Februarii</span> <span class='ocrx_word' id='word_1_132' title='bbox 1268 2658 1723 2750; x_wconf 88' lang='lat' dir='ltr'>publicatum,</span> <span class='ocrx_word' id='word_1_133' title='bbox 1769 2658 1890 2726; x_wconf 81' lang='lat' dir='ltr'>sub</span> 
     </span>
     <span class='ocr_line' id='line_1_22' title="bbox 134 2780 1893 2882; baseline 0.005 -39"><span class='ocrx_word' id='word_1_134' title='bbox 134 2780 321 2845; x_wconf 80' lang='lat' dir='ltr'>clave</span> <span class='ocrx_word' id='word_1_135' title='bbox 371 2784 690 2852; x_wconf 82' lang='lat' dir='ltr'>custodiri</span> <span class='ocrx_word' id='word_1_136' title='bbox 736 2788 1066 2853; x_wconf 85' lang='lat' dir='ltr'>iubentur.</span> <span class='ocrx_word' id='word_1_137' title='bbox 1158 2785 1364 2882; x_wconf 84' lang='lat' dir='ltr'>Aliud</span> <span class='ocrx_word' id='word_1_138' title='bbox 1409 2808 1571 2852; x_wconf 86' lang='lat' dir='ltr'>vero</span> <span class='ocrx_word' id='word_1_139' title='bbox 1616 2786 1893 2853; x_wconf 85' lang='lat' dir='ltr'>Intima·</span> 
     </span>
     <span class='ocr_line' id='line_1_23' title="bbox 135 2909 1890 3000; baseline 0.005 -32"><span class='ocrx_word' id='word_1_140' title='bbox 135 2920 325 2986; x_wconf 66' lang='lat' dir='ltr'>tum,</span> <span class='ocrx_word' id='word_1_141' title='bbox 373 2931 547 2976; x_wconf 87' lang='lat' dir='ltr'>anno</span> <span class='ocrx_word' id='word_1_142' title='bbox 599 2923 787 2980; x_wconf 82' lang='lat'><em>1771.</em></span> <span class='ocrx_word' id='word_1_143' title='bbox 841 2910 952 2980; x_wconf 87' lang='lat' dir='ltr'>die</span> <span class='ocrx_word' id='word_1_144' title='bbox 1007 2925 1113 2981; x_wconf 84' lang='lat'>10.</span> <span class='ocrx_word' id='word_1_145' title='bbox 1143 2910 1317 2978; x_wconf 84' lang='lat' dir='ltr'>Maii</span> <span class='ocrx_word' id='word_1_146' title='bbox 1354 2909 1653 2989; x_wconf 83' lang='lat' dir='ltr'>editum,</span> <span class='ocrx_word' id='word_1_147' title='bbox 1700 2932 1890 3000; x_wconf 80' lang='lat' dir='ltr'>prae·</span> 
     </span>
     <span class='ocr_line' id='line_1_24' title="bbox 719 3034 1801 3127; baseline 0.001 -26"><span class='ocrx_word' id='word_1_148' title='bbox 719 3034 723 3041; x_wconf 83' lang='lat'>&#39;</span> <span class='ocrx_word' id='word_1_149' title='bbox 1585 3035 1801 3127; x_wconf 84' lang='lat' dir='ltr'>cipit,</span> 
     </span>
    </p>

    <p class='ocr_par' dir='ltr' id='par_1_4' title="bbox 212 3223 1930 3423">
     <span class='ocr_line' id='line_1_25' title="bbox 212 3223 1891 3314; baseline 0.002 -28"><span class='ocrx_word' id='word_1_150' title='bbox 212 3227 278 3300; x_wconf 82' lang='lat' dir='ltr'>g)</span> <span class='ocrx_word' id='word_1_151' title='bbox 340 3226 618 3302; x_wconf 79' lang='lat' dir='ltr'>Praecipit</span> <span class='ocrx_word' id='word_1_152' title='bbox 675 3229 998 3292; x_wconf 83' lang='lat' dir='ltr'>huiusmodi</span> <span class='ocrx_word' id='word_1_153' title='bbox 1062 3230 1271 3293; x_wconf 79' lang='lat' dir='ltr'>librum</span> <span class='ocrx_word' id='word_1_154' title='bbox 1332 3234 1463 3314; x_wconf 77' lang='lat' dir='ltr'>Syn.</span> <span class='ocrx_word' id='word_1_155' title='bbox 1523 3223 1692 3291; x_wconf 83' lang='lat' dir='ltr'>Trid.</span> <span class='ocrx_word' id='word_1_156' title='bbox 1755 3248 1891 3290; x_wconf 75' lang='lat' dir='ltr'>sess.</span> 
     </span>
     <span class='ocr_line' id='line_1_26' title="bbox 286 3339 1930 3423; baseline 0.003 -30"><span class='ocrx_word' id='word_1_157' title='bbox 286 3339 509 3398; x_wconf 70' lang='lat' dir='ltr'>XXIV.</span> <span class='ocrx_word' id='word_1_158' title='bbox 548 3341 695 3398; x_wconf 82' lang='lat' dir='ltr'>decr.</span> <span class='ocrx_word' id='word_1_159' title='bbox 737 3342 804 3399; x_wconf 89' lang='lat' dir='ltr'>de</span> <span class='ocrx_word' id='word_1_160' title='bbox 833 3345 937 3400; x_wconf 83' lang='lat' dir='ltr'>ref.</span> <span class='ocrx_word' id='word_1_161' title='bbox 967 3342 1203 3402; x_wconf 83' lang='lat' dir='ltr'>matrim.</span> <span class='ocrx_word' id='word_1_162' title='bbox 1234 3360 1355 3416; x_wconf 83' lang='lat' dir='ltr'>cap.</span> <span class='ocrx_word' id='word_1_163' title='bbox 1385 3357 1436 3400; x_wconf 80' lang='lat'>2.</span> <span class='ocrx_word' id='word_1_164' title='bbox 1478 3342 1734 3418; x_wconf 74' lang='lat' dir='ltr'>Synodus</span> <span class='ocrx_word' id='word_1_165' title='bbox 1763 3345 1893 3415; x_wconf 77' lang='lat' dir='ltr'>p‘ro-</span> <span class='ocrx_word' id='word_1_166' title='bbox 1928 3421 1930 3423; x_wconf 13' lang='grc' dir='ltr'><strong><em>ι</em></strong></span> 
     </span>
    </p>
   </div>
   <div class='ocr_carea' id='block_1_4' title="bbox 242 3446 1891 3632">
    <p class='ocr_par' dir='ltr' id='par_1_5' title="bbox 242 3446 1891 3632">
     <span class='ocr_line' id='line_1_27' title="bbox 242 3446 1891 3527; baseline 0.001 -22"><span class='ocrx_word' id='word_1_167' title='bbox 242 3473 244 3477; x_wconf 94' lang='grc'><em>·</em></span> <span class='ocrx_word' id='word_1_168' title='bbox 284 3446 429 3515; x_wconf 72' lang='lat' dir='ltr'>vinc.</span> <span class='ocrx_word' id='word_1_169' title='bbox 471 3448 801 3508; x_wconf 72' lang='lat' dir='ltr'>Tirnavien.</span> <span class='ocrx_word' id='word_1_170' title='bbox 831 3450 960 3508; x_wconf 79' lang='lat' dir='ltr'>anni</span> <span class='ocrx_word' id='word_1_171' title='bbox 994 3455 1121 3509; x_wconf 82' lang='lat'>1611</span> <span class='ocrx_word' id='word_1_172' title='bbox 1141 3501 1154 3511; x_wconf 89' lang='lat'>.</span> <span class='ocrx_word' id='word_1_173' title='bbox 1186 3471 1313 3527; x_wconf 68' lang='lat' dir='ltr'>cap.</span> <span class='ocrx_word' id='word_1_174' title='bbox 1344 3468 1397 3525; x_wconf 78' lang='grc'>3.</span> <span class='ocrx_word' id='word_1_175' title='bbox 1427 3461 1472 3517; x_wconf 61' lang='grc'>5.</span> <span class='ocrx_word' id='word_1_176' title='bbox 1503 3460 1554 3514; x_wconf 85' lang='grc'>8.</span> <span class='ocrx_word' id='word_1_177' title='bbox 1595 3452 1737 3510; x_wconf 79' lang='lat' dir='ltr'>Item</span> <span class='ocrx_word' id='word_1_178' title='bbox 1758 3454 1891 3527; x_wconf 85' lang='lat' dir='ltr'>Syn.</span> 
     </span>
     <span class='ocr_line' id='line_1_28' title="bbox 282 3556 1679 3632; baseline 0.004 -19"><span class='ocrx_word' id='word_1_179' title='bbox 282 3556 519 3616; x_wconf 67' lang='lat' dir='ltr'>Titnav.</span> <span class='ocrx_word' id='word_1_180' title='bbox 548 3558 872 3618; x_wconf 65' lang='lat' dir='ltr'>dioecesana</span> <span class='ocrx_word' id='word_1_181' title='bbox 902 3560 1029 3619; x_wconf 53' lang='lat' dir='ltr'>areni</span> <span class='ocrx_word' id='word_1_182' title='bbox 1069 3565 1223 3632; x_wconf 75' lang='lat'>1630.</span> <span class='ocrx_word' id='word_1_183' title='bbox 1260 3577 1465 3623; x_wconf 81' lang='lat' dir='ltr'>statuto</span> <span class='ocrx_word' id='word_1_184' title='bbox 1497 3558 1679 3621; x_wconf 74' lang='lat' dir='ltr'>tertio,</span> 
     </span>
    </p>
   </div>
  </div>
 </body>
</html>
