1930 3828
139 261 271 336 564
894 275 1142 316 ·-=·-—··-·=

139 438 640 503 Dioecesanum
705 434 1171 526 Episcopum,
1240 432 1671 503 concernenti
1740 428 1904 498 Pro·

61 568 67 573 ’
141 561 419 628 vinciali
467 559 800 648 Religiosi
847 558 1128 631 Ordinis
1176 561 1592 651 resignetur,
1640 557 1755 645 qvi
1781 547 1906 648 pro

145 688 463 777 exigente
507 683 907 752 necessitate
953 686 1217 778 uniuss
1264 700 1377 752 aut
1420 687 1686 754 alterius
1731 684 1911 751 Con·

143 827 380 879 ventus
418 812 520 877 sui
552 809 830 878 Ordinis
857 857 880 890 ‚
928 810 1000 878 in
1031 811 1561 878 emolumentum
1588 809 1910 886 Instituti‚

146 937 580 1004 substantiam
630 934 963 1004 eiusmodi
1005 937 1396 1028 applicabit.
1580 923 1581 926 ¹

774 1130 844 1225 ς.
894 1131 1264 1199 ccxcw.

438 1256 717 1337 Comm.
763 1253 1040 1375 p'z'ae'tas
1095 1256 1180 1333 in
1233 1253 1640 1337 Patriam.

327 1437 695 1524 Postqvam
724 1438 1024 1529 singulae
1050 1438 1471 1507 Clericorum
1498 1435 1733 1516 classi,
1761 1458 1916 1529 pro·-

153 1563 302 1655 pria
346 1566 592 1629 asserui
647 1568 825 1639 iura,
892 1586 1171 1652 suasqve
1218 1566 1517 1631 recensui
1563 1559 1922 1653 obligatio·

154 1711 319 1767 nes,
385 1690 639 1780 utspiam
685 1691 1024 1780 generales
1072 1692 1320 1767 etiam,
1390 1687 1651 1774 totiqve
1713 1687 1917 1763 Clero

154 1814 433 1879 nostrati
481 1836 871 1883 communes
917 1818 1362 1907 obligationes
1388 1803 1672 1880 referam
1698 1862 1722 1893 ‚
1769 1814 1919 1905 ipse

153 1952 372 2004 rectus
419 1938 589 2005 ordo
635 1964 673 2007 a
719 1965 832 2008 me
876 1965 1153 2034 poscere
1203 1940 1494 2009 videtur.
1564 1938 1814 2005 ‘Prima
1862 1940 1918 2006 i-

155 2076 359 2151 taqve
403 2068 812 2134 memoretur
858 2070 1070 2159 pietas
1099 2115 1121 2148 ‚
1185 2090 1386 2155 qvam
1433 2064 1613 2133 dulci
1659 2064 1922 2132 Patriae

158 2164 501 2255 debemus.
597 2195 673 2260 ln
734 2217 866 2282 qva
926 2193 1086 2260 dum
1133 2193 1380 2262 Clerici
1443 2188 1727 2282 perinde
1769 2207 1923 2260 sunt

158 2315 386 2397 cives,
451 2315 772 2405 Bonaqve
817 2320 1133 2399 illorum,
1182 2344 1258 2387 ac
1308 2321 1460 2386 Iura
1507 2317 1920 2413 Ecclesiasti7

158 2463 235 2508 ce
282 2458 480 2529 atqve
529 2444 796 2523 civilia,
853 2447 971 2512 sub
1011 2447 1316 2515 eiusdem
1348 2441 1918 2537 protectione(§.

156 2567 472 2634 CLXXI.
525 2571 735 2657 seq.)
807 2594 944 2639 non
1030 2574 1445 2640 obstantibus
1515 2570 1924 2657 qvibuslibet

46 2732 48 2734 -
158 2693 730 2775 immunitatibus,
778 2713 977 2784 atqve
1019 2697 1549 2789 praerogativis,
1617 2696 1923 2784 alioqvin

156 2821 527 2885 maximam
571 2838 876 2911 partem,
925 2847 963 2891 a
1011 2827 1331 2914 Suprema
1373 2835 1707 2914 potestate
1734 2824 1919 2892 civili

157 2945 489 3026 obtentis,
537 2950 568 3031 (
590 2944 657 3039 §.
691 2948 1193 3032 CCLXXXI.)
1239 2965 1307 3016 ut
1352 2950 1423 3016 in
1457 2948 1921 3038 ‚evidentibuffi

155 3072 579 3162 publicisqve
625 3071 1172 3155 necessitatibus,
1221 3075 1446 3143 eidem
1472 3062 1736 3143 Patriae
1780 3097 1926 3141 suc·

159 3214 493 3294 curratur,
544 3213 643 3265 est
691 3191 999 3285 neeesse3
1051 3225 1204 3268 cum
1250 3179 1513 3294 praeter
1565 3201 1640 3269 id
1687 3201 1919 3280 etiam,

154 3339 433 3414 propter
500 3316 818 3390 intimum
879 3331 1216 3415 utriusqve
1295 3313 1742 3421 Reipublicae
1807 3349 1930 3402 nee

157 3467 377 3530 xum,
434 3447 554 3541 (§.
601 3451 975 3536 CLXIX.)
1043 3445 1287 3523 damna
1349 3460 1583 3539 unius,
1648 3454 1719 3521 in
1767 3453 1927 3519 alte·

1684 3600 1830 3645 ram
