1930 3828
159 253 287 327 ⁴:35
899 250 1144 302 ⁶¹—'--‘·····*

89 396 91 402 ,
152 434 264 520 pia
307 429 560 515 legata3
613 415 695 506 d)
742 423 880 491 imo
928 441 994 493 et
1040 427 1124 492 de
1166 425 1412 521 harumy
1445 434 1579 497 non
1615 424 1903 488 existeno

154 554 289 630 tia,
348 554 416 616 in
466 547 731 626 forma,
796 573 915 638 per
954 549 1123 615 Exc.
1169 537 1544 615 Consilium
1588 545 1678 610 R.
1735 547 1899 610 Loc.

29 728 33 737 ,
148 676 370 764 Hung.
414 675 846 764 praescripta.
882 676 954 757 e)
1023 661 1354 764 Qvolibet
1385 670 1906 763 semestri‘sclio·⁶

148 774 385 867 lastico
415 842 439 880 ‚
509 799 952 889 praescriptas
1018 797 1103 867 de
1164 796 1408 866 scholis
1458 796 1902 863 nationalibus

151 923 221 989 in
270 923 598 989 Districtu
666 931 786 988 suo
849 922 1288 1007 existentibus
1352 922 1903 997 informationes,-

154 1068 291 1115 non
333 1045 607 1135 qvidem
654 1047 1016 1112 Ordinatio
1063 1070 1226 1126 suo,
1287 1057 1521 1136 verum
1567 1046 1902 1136 Superiori

150 1167 534 1238 earumdem
626 1171 995 1239 scholarum
1064 1171 1288 1262 Regio
1364 1171 1755 1263 Inspectoris
1830 1169 1903 1255 f)

147 1296 414 1383 Qvovis
460 1316 675 1371 anun,
738 1297 1131 1363 relationem
1182 1296 1706 1366 tabellaremde
1745 1318 1902 1386 pro-

144 1420 357 1498 libus,
422 1441 590 1506 qvae
635 1442 719 1486 ex
767 1421 999 1490 mixtis
1046 1420 1547 1501 matrimoniis,
1613 1443 1736 1512 per
1788 1419 1904 1486 de-

149 1565 412 1610 cursum
458 1545 636 1610 illius
684 1549 836 1612 anni
865 1584 888 1624 ‚-
942 1547 1011 1617 in
1061 1546 1367 1614 districtu
1409 1570 1541 1614 suo·
1575 1561 1767 1612 natae
1799 1543 1901 1609 fu-

144 1681 364 1768 erunt.
436 1666 516 1756 g)
609 1667 763 1735 Eius
823 1686 1167 1762 praeterea
1240 1678 1538 1740 muneris
1609 1686 1751 1747 est,
1819 1668 1904 1735 de

35 1802 49 1828 ‘
143 1786 421 1856 fratrum
466 1793 1173 1877 Condistrictualium‚
1236 1797 1349 1885 qvi
1399 1815 1483 1865 ex
1534 1781 1744 1864 fund-o
1782 1818 1900 1887 pu·

142 1909 322 1980 blico
385 1916 741 2005 qvidpiam
789 1923 989 1986 annui
1034 1923 1477 2013 participant,
1544 1925 1771 2003 abitu,
1833 1946 1898 1987 a·

143 2035 331 2118 ditu,
379 2042 489 2107 vel
537 2043 764 2122 obitu,-
810 2043 896 2111 ad
942 2045 1235 2134 Regium
1281 2047 1601 2115 Officium
1649 2050 1899 2115 soluto·

139 2164 311 2230 rium
357 2168 612 2233 testari.
662 2166 746 2251 h)
1042 2146 1047 2154 ’

785 2359 853 2454 §.
887 2453 890 2457 Ι
921 2349 1259 2432 CCXLV.

457 2484 783 2611 quvis.
848 2488 967 2565 ad
1009 2486 1148 2590 qff.
1211 2492 1588 2572 Paroclu‘.

314 2659 525 2728 Porro
587 2680 725 2732 tam
788 2668 871 2733 ab
933 2648 1125 2751 istis,
1195 2693 1481 2758 qvorum
1531 2693 1708 2741 nunc
1759 2692 1901 2740 mee

140 2780 354 2861 mini,
400 2808 600 2871 qvam
646 2813 685 2855 a
734 2794 968 2859 ceteris
998 2841 1019 2875 ,
1066 2811 1386 2883 qvatenus
1414 2797 1690 2864 Pal-ochi
1722 2813 1899 2875 sunt,

142 2928 255 2974 seu
300 2908 625 2993 Plebani,
693 2913 818 3006 (§.
873 2918 1074 3004 LV.)
1132 2921 1502 3009 peculiaria
1565 2922 1896 3010 qvaedam

1686 3069 1810 3138 po.

216 3223 286 3293 d)
333 3225 524 3287 Intim.
578 3244 666 3298 24.
722 3233 958 3310 Augusti
1014 3223 1173 3311 17'93.
1262 3241 1335 3310 e)
1383 3237 1579 3298 Intim.
1635 3242 1688 3303 6.
1726 3241 1889 3299 Febr.

161 3340 163 3342 ’
290 3346 452 3410 ¹798.
526 3342 582 3408 f)
634 3343 745 3402 Int.
795 3356 886 3410 28.
929 3354 1073 3424 Aug.
1129 3363 1287 3421 1795.
1360 3348 1429 3426 g)
1465 3350 1578 3410 Int.
1614 3365 1703 3421 25.
1741 3346 1894 3408 Iunii

289 3461 449 3520 1793.
523 3449 593 3518 h)
630 3453 744 3511 Int.
785 3469 872 3520 12.
910 3456 1115 3518 Martii
1156 3475 1314 3533 1799.
1390 3462 1555 3537 Qvae
1611 3434 1795 3519 omnia
1832 3454 1891 3517 in

282 3558 585 3630 protocolis
624 3562 1036 3626 Parochialibus
1076 3567 1373 3630 habentur.
