1930 3828
165 211 247 272 88

135 335 450 442 'tenenda
517 382 611 433 est
682 363 954 451 regula,
1032 381 1184 427 cum
1216 430 1217 433 ,
1249 359 1612 440 veritates,
1640 395 1648 430 ς
1677 378 1807 444 ceu
1877 380 1917 423 e

164 493 566 564 Traditione
625 489 883 558 haustas
949 484 1299 578 proferunt
1357 484 1721 572 memorati
1795 482 1918 549 Pa-

161 635 327 700 tres3
374 614 582 702 modo
626 615 1073 704 Augustinum
1115 610 1419 701 excipias
1444 655 1468 690 ‚
1509 608 1916 698 cum-loqvi-

161 758 265 810 tur
311 740 396 817 de
441 741 651 828 gratia
695 738 874 816 Dei,
934 737 1149 807 libero
1211 736 1530 819 arbitrio,
1595 758 1676 807 ac
1722 757 1926 828 prae--

164 844 645 962 destinatione3
687 865 989 933 Leonem
1021 863 1186 931 item
1218 861 1593 953 Magnum,
1642 862 1726 932 de
1760 860 1922 935 dua-

158 994 281 1058 bu‘s
316 980 398 1058 ¹in
444 989 710 1060 Christo
758 989 1012 1060 naturis
1056 987 1468 1076 loqventem.
1557 988 1690 1056 Hic
1735 991 1918 1055 enim

162 1130 343 1185 tanta
405 1129 501 1184 est
558 1119 838 1181 istorum
881 1112 1255 1194 autoritas*
1312 1127 1560 1202 qvanta
1607 1113 1913 1182 omnium

162 1238 378 1317 foret,
449 1240 503 1306 si
565 1238 705 1309 istis
753 1236 839 1305 de
880 1237 1072 1305 rebus
1118 1239 1558 1332 scripsissenn
1606 1238 1690 1324 b)
1778 1236 1919 1307 Res

164 1364 625 1454 disciplinares
672 1387 823 1433 cum
869 1363 1210 1443 referunt,
1273 1380 1344 1431 ut
1390 1363 1730 1435 historicis
1763 1382 1918 1441 ‘cre-

162 1486 500 1569 dendum‚
546 1489 756 1560 modo
803 1488 887 1555 de
932 1489 1211 1557 scientia
1257 1494 1392 1567 rei,
1439 1511 1643 1577 qvam
1670 1502 1920 1555 testan-

157 1630 303 1700 tur,
346 1629 630 1702 neqveat
682 1613 1011 1696 dubitari3
1086 1634 1244 1683 cum
1308 1636 1473 1683 vero
1531 1613 1649 1683 has
1707 1609 1920 1680 addu-

161 1752 319 1807 cunt
367 1738 786 1816 decretorie,
850 1737 937 1806 ad
996 1738 1304 1831 proprias
1354 1762 1587 1807 eorum
1629 1736 1919 1809 Ecclesi-

157 1886 272 1941 as,
338 1863 573 1949 qvibus
635 1861 1099 1954 praefuerant,
1158 1866 1557 1956 pertinuisse
1601 1882 1921 1936 censean-

160 2003 287 2056 tur.
378 1986 611 2054 Verba
645 1985 932 2077 proinde
979 1989 1372 2059 Sanctorum
1419 1987 1760 2059 Ecclesiae
1797 1986 1919 2055 Pa-

159 2123 381 2192 stum,
429 2112 695 2204 corpori
744 2113 908 2179 Iuris
954 2114 1281 2184 Canonici
1329 2114 1586 2186 dudum
1646 2118 1916 2189 inserta,

159 2238 403 2308 habent
448 2237 910 2313 autoritatem,
957 2254 1279 2324 qvatenus
1322 2263 1363 2308 a
1415 2241 1643 2332 legum
1688 2237 1920 2306 Eccle-

159 2364 565 2432 siasticarum
612 2359 1110 2444 conditoribus,
1157 2364 1477 2456 adoptata
1520 2364 1808 2434 fuerunt.

844 2551 1201 2645 §.mm

653 2675 1399 2764 Concilia.

339 2854 647 2934 Necdum
713 2854 967 2928 fuerant
1029 2868 1173 2944 noti
1236 2862 1464 2934 Patres
1529 2864 1915 2944 Ecclesiae,

165 2977 232 3045 in
276 2977 601 3047 hodierno
646 2979 1154 3077 Theologorum
1198 3007 1440 3070 sensu,
1487 2990 1563 3073 c)
1609 3007 1756 3056 cum
1803 3013 1918 3057 ex·

1661 3131 1827 3184 ortis

229 3297 304 3367 b)
339 3301 426 3358 De
465 3299 777 3374 Augustino
818 3301 949 3363 vide
981 3306 1167 3370 Natal.
1196 3310 1374 3374 Alex.
1402 3308 1557 3406 Hist.
1586 3312 1737 3377 Eccl.
1771 3330 1913 3375 saec.

220 3452 251 3499 κ
304 3409 386 3474 V.
440 3427 560 3483 cap.
599 3421 654 3476 4.
712 3426 811 3473 art.
849 3429 904 3485 3.
956 3419 999 3486 ς,
1043 3432 1127 3474 11.
1166 3419 1254 3478 De
1292 3422 1485 3481 Leone
1527 3419 1669 3487 ibid.
1699 3420 1918 3487 dissert.

307 3518 442 3580 XII.
517 3522 579 3590 c)
632 3524 784 3598 Lege
835 3525 973 3584 RR.
1026 3529 1097 3586 D.
1148 3526 1426 3590 Francisci
1476 3533 1647 3613 Nagy
1701 3531 1914 3592 dissert.
